[{"timestamp":"2025-03-01T00:00:00.000","hourly_revenue":0.0,"operational_cost":290.86,"carbon_saved_today":0.0,"social_impact_index":7,"governance_compliance":"Partial"},{"timestamp":"2025-03-01T01:00:00.000","hourly_revenue":0.0,"operational_cost":368.74,"carbon_saved_today":0.0,"social_impact_index":7,"governance_compliance":"Partial"},{"timestamp":"2025-03-01T02:00:00.000","hourly_revenue":0.0,"operational_cost":267.7,"carbon_saved_today":0.0,"social_impact_index":7,"governance_compliance":"Partial"},{"timestamp":"2025-03-01T03:00:00.000","hourly_revenue":0.0,"operational_cost":260.04,"carbon_saved_today":0.0,"social_impact_index":7,"governance_compliance":"Partial"},{"timestamp":"2025-03-01T04:00:00.000","hourly_revenue":0.0,"operational_cost":275.86,"carbon_saved_today":0.0,"social_impact_index":7,"governance_compliance":"Partial"},{"timestamp":"2025-03-01T05:00:00.000","hourly_revenue":0.0,"operational_cost":252.33,"carbon_saved_today":0.0,"social_impact_index":7,"governance_compliance":"Partial"},{"timestamp":"2025-03-01T06:00:00.000","hourly_revenue":0.0,"operational_cost":306.13,"carbon_saved_today":0.0,"social_impact_index":7,"governance_compliance":"Partial"},{"timestamp":"2025-03-01T07:00:00.000","hourly_revenue":0.0,"operational_cost":381.23,"carbon_saved_today":0.0,"social_impact_index":7,"governance_compliance":"Partial"},{"timestamp":"2025-03-01T08:00:00.000","hourly_revenue":0.0,"operational_cost":316.15,"carbon_saved_today":0.0,"social_impact_index":7,"governance_compliance":"Partial"},{"timestamp":"2025-03-01T09:00:00.000","hourly_revenue":0.0,"operational_cost":287.38,"carbon_saved_today":0.0,"social_impact_index":7,"governance_compliance":"Partial"},{"timestamp":"2025-03-01T10:00:00.000","hourly_revenue":0.0,"operational_cost":285.41,"carbon_saved_today":0.0,"social_impact_index":7,"governance_compliance":"Partial"},{"timestamp":"2025-03-01T11:00:00.000","hourly_revenue":0.0,"operational_cost":221.84,"carbon_saved_today":0.0,"social_impact_index":7,"governance_compliance":"Partial"},{"timestamp":"2025-03-01T12:00:00.000","hourly_revenue":0.0,"operational_cost":344.16,"carbon_saved_today":0.0,"social_impact_index":7,"governance_compliance":"Partial"},{"timestamp":"2025-03-01T13:00:00.000","hourly_revenue":0.0,"operational_cost":296.11,"carbon_saved_today":0.0,"social_impact_index":7,"governance_compliance":"Partial"},{"timestamp":"2025-03-01T14:00:00.000","hourly_revenue":0.0,"operational_cost":290.98,"carbon_saved_today":0.0,"social_impact_index":7,"governance_compliance":"Partial"},{"timestamp":"2025-03-01T15:00:00.000","hourly_revenue":0.0,"operational_cost":459.66,"carbon_saved_today":0.0,"social_impact_index":7,"governance_compliance":"Partial"},{"timestamp":"2025-03-01T16:00:00.000","hourly_revenue":0.0,"operational_cost":314.94,"carbon_saved_today":0.0,"social_impact_index":7,"governance_compliance":"Partial"},{"timestamp":"2025-03-01T17:00:00.000","hourly_revenue":0.0,"operational_cost":262.41,"carbon_saved_today":0.0,"social_impact_index":7,"governance_compliance":"Partial"},{"timestamp":"2025-03-01T18:00:00.000","hourly_revenue":0.0,"operational_cost":278.68,"carbon_saved_today":0.0,"social_impact_index":7,"governance_compliance":"Partial"},{"timestamp":"2025-03-01T19:00:00.000","hourly_revenue":0.0,"operational_cost":357.42,"carbon_saved_today":0.0,"social_impact_index":7,"governance_compliance":"Partial"},{"timestamp":"2025-03-01T20:00:00.000","hourly_revenue":0.0,"operational_cost":305.66,"carbon_saved_today":0.0,"social_impact_index":7,"governance_compliance":"Partial"},{"timestamp":"2025-03-01T21:00:00.000","hourly_revenue":0.0,"operational_cost":228.09,"carbon_saved_today":0.0,"social_impact_index":7,"governance_compliance":"Partial"},{"timestamp":"2025-03-01T22:00:00.000","hourly_revenue":0.0,"operational_cost":345.96,"carbon_saved_today":0.0,"social_impact_index":7,"governance_compliance":"Partial"},{"timestamp":"2025-03-01T23:00:00.000","hourly_revenue":0.0,"operational_cost":266.59,"carbon_saved_today":0.0,"social_impact_index":7,"governance_compliance":"Partial"},{"timestamp":"2025-03-02T00:00:00.000","hourly_revenue":0.0,"operational_cost":393.66,"carbon_saved_today":0.0,"social_impact_index":10,"governance_compliance":"Compliant"},{"timestamp":"2025-03-02T01:00:00.000","hourly_revenue":0.0,"operational_cost":354.0,"carbon_saved_today":0.0,"social_impact_index":10,"governance_compliance":"Non-Compliant"},{"timestamp":"2025-03-02T02:00:00.000","hourly_revenue":0.0,"operational_cost":277.63,"carbon_saved_today":0.0,"social_impact_index":10,"governance_compliance":"Compliant"},{"timestamp":"2025-03-02T03:00:00.000","hourly_revenue":0.0,"operational_cost":364.05,"carbon_saved_today":0.0,"social_impact_index":10,"governance_compliance":"Compliant"},{"timestamp":"2025-03-02T04:00:00.000","hourly_revenue":0.0,"operational_cost":303.39,"carbon_saved_today":0.0,"social_impact_index":10,"governance_compliance":"Compliant"},{"timestamp":"2025-03-02T05:00:00.000","hourly_revenue":0.0,"operational_cost":342.64,"carbon_saved_today":0.0,"social_impact_index":10,"governance_compliance":"Non-Compliant"},{"timestamp":"2025-03-02T06:00:00.000","hourly_revenue":0.0,"operational_cost":324.24,"carbon_saved_today":0.0,"social_impact_index":10,"governance_compliance":"Compliant"},{"timestamp":"2025-03-02T07:00:00.000","hourly_revenue":407.3927337105,"operational_cost":257.68,"carbon_saved_today":54.59,"social_impact_index":10,"governance_compliance":"Compliant"},{"timestamp":"2025-03-02T08:00:00.000","hourly_revenue":929.2328642721,"operational_cost":267.82,"carbon_saved_today":124.52,"social_impact_index":10,"governance_compliance":"Compliant"},{"timestamp":"2025-03-02T09:00:00.000","hourly_revenue":1142.5919694997,"operational_cost":351.5,"carbon_saved_today":153.11,"social_impact_index":10,"governance_compliance":"Compliant"},{"timestamp":"2025-03-02T10:00:00.000","hourly_revenue":2046.5075985783,"operational_cost":283.26,"carbon_saved_today":274.23,"social_impact_index":10,"governance_compliance":"Compliant"},{"timestamp":"2025-03-02T11:00:00.000","hourly_revenue":2050.9484976139,"operational_cost":279.82,"carbon_saved_today":274.83,"social_impact_index":10,"governance_compliance":"Compliant"},{"timestamp":"2025-03-02T12:00:00.000","hourly_revenue":1830.8980248526,"operational_cost":252.24,"carbon_saved_today":245.34,"social_impact_index":10,"governance_compliance":"Compliant"},{"timestamp":"2025-03-02T13:00:00.000","hourly_revenue":1510.2813914512,"operational_cost":321.18,"carbon_saved_today":202.38,"social_impact_index":10,"governance_compliance":"Compliant"},{"timestamp":"2025-03-02T14:00:00.000","hourly_revenue":1568.3566964103,"operational_cost":403.13,"carbon_saved_today":210.16,"social_impact_index":10,"governance_compliance":"Compliant"},{"timestamp":"2025-03-02T15:00:00.000","hourly_revenue":1290.5995039137,"operational_cost":246.62,"carbon_saved_today":172.94,"social_impact_index":10,"governance_compliance":"Compliant"},{"timestamp":"2025-03-02T16:00:00.000","hourly_revenue":1114.803089169,"operational_cost":301.21,"carbon_saved_today":149.38,"social_impact_index":10,"governance_compliance":"Compliant"},{"timestamp":"2025-03-02T17:00:00.000","hourly_revenue":553.2405835879,"operational_cost":370.61,"carbon_saved_today":74.13,"social_impact_index":10,"governance_compliance":"Compliant"},{"timestamp":"2025-03-02T18:00:00.000","hourly_revenue":0.0,"operational_cost":296.02,"carbon_saved_today":0.0,"social_impact_index":10,"governance_compliance":"Compliant"},{"timestamp":"2025-03-02T19:00:00.000","hourly_revenue":0.0,"operational_cost":322.62,"carbon_saved_today":0.0,"social_impact_index":10,"governance_compliance":"Compliant"},{"timestamp":"2025-03-02T20:00:00.000","hourly_revenue":0.0,"operational_cost":246.88,"carbon_saved_today":0.0,"social_impact_index":10,"governance_compliance":"Compliant"},{"timestamp":"2025-03-02T21:00:00.000","hourly_revenue":0.0,"operational_cost":321.42,"carbon_saved_today":0.0,"social_impact_index":10,"governance_compliance":"Compliant"},{"timestamp":"2025-03-02T22:00:00.000","hourly_revenue":0.0,"operational_cost":290.64,"carbon_saved_today":0.0,"social_impact_index":10,"governance_compliance":"Compliant"},{"timestamp":"2025-03-02T23:00:00.000","hourly_revenue":0.0,"operational_cost":349.29,"carbon_saved_today":0.0,"social_impact_index":10,"governance_compliance":"Compliant"},{"timestamp":"2025-03-03T00:00:00.000","hourly_revenue":0.0,"operational_cost":359.37,"carbon_saved_today":0.0,"social_impact_index":8,"governance_compliance":"Compliant"},{"timestamp":"2025-03-03T01:00:00.000","hourly_revenue":0.0,"operational_cost":429.48,"carbon_saved_today":0.0,"social_impact_index":8,"governance_compliance":"Compliant"},{"timestamp":"2025-03-03T02:00:00.000","hourly_revenue":0.0,"operational_cost":328.98,"carbon_saved_today":0.0,"social_impact_index":8,"governance_compliance":"Compliant"},{"timestamp":"2025-03-03T03:00:00.000","hourly_revenue":0.0,"operational_cost":316.29,"carbon_saved_today":0.0,"social_impact_index":8,"governance_compliance":"Compliant"},{"timestamp":"2025-03-03T04:00:00.000","hourly_revenue":0.0,"operational_cost":309.72,"carbon_saved_today":0.0,"social_impact_index":8,"governance_compliance":"Compliant"},{"timestamp":"2025-03-03T05:00:00.000","hourly_revenue":0.0,"operational_cost":282.34,"carbon_saved_today":0.0,"social_impact_index":8,"governance_compliance":"Compliant"},{"timestamp":"2025-03-03T06:00:00.000","hourly_revenue":0.0,"operational_cost":316.92,"carbon_saved_today":0.0,"social_impact_index":8,"governance_compliance":"Compliant"},{"timestamp":"2025-03-03T07:00:00.000","hourly_revenue":552.9437025904,"operational_cost":285.23,"carbon_saved_today":74.09,"social_impact_index":8,"governance_compliance":"Non-Compliant"},{"timestamp":"2025-03-03T08:00:00.000","hourly_revenue":907.1779905382,"operational_cost":308.42,"carbon_saved_today":121.56,"social_impact_index":8,"governance_compliance":"Compliant"},{"timestamp":"2025-03-03T09:00:00.000","hourly_revenue":1420.2739562151,"operational_cost":365.88,"carbon_saved_today":190.32,"social_impact_index":8,"governance_compliance":"Compliant"},{"timestamp":"2025-03-03T10:00:00.000","hourly_revenue":2085.0137277197,"operational_cost":249.67,"carbon_saved_today":279.39,"social_impact_index":8,"governance_compliance":"Compliant"},{"timestamp":"2025-03-03T11:00:00.000","hourly_revenue":1689.6865418617,"operational_cost":356.99,"carbon_saved_today":226.42,"social_impact_index":8,"governance_compliance":"Compliant"},{"timestamp":"2025-03-03T12:00:00.000","hourly_revenue":1910.3829230356,"operational_cost":365.86,"carbon_saved_today":255.99,"social_impact_index":8,"governance_compliance":"Compliant"},{"timestamp":"2025-03-03T13:00:00.000","hourly_revenue":2178.6950972344,"operational_cost":294.1,"carbon_saved_today":291.95,"social_impact_index":8,"governance_compliance":"Compliant"},{"timestamp":"2025-03-03T14:00:00.000","hourly_revenue":1497.1831293317,"operational_cost":193.91,"carbon_saved_today":200.62,"social_impact_index":8,"governance_compliance":"Compliant"},{"timestamp":"2025-03-03T15:00:00.000","hourly_revenue":1115.0931880349,"operational_cost":269.61,"carbon_saved_today":149.42,"social_impact_index":8,"governance_compliance":"Compliant"},{"timestamp":"2025-03-03T16:00:00.000","hourly_revenue":894.8757264569,"operational_cost":364.85,"carbon_saved_today":119.91,"social_impact_index":8,"governance_compliance":"Compliant"},{"timestamp":"2025-03-03T17:00:00.000","hourly_revenue":429.9557072711,"operational_cost":298.86,"carbon_saved_today":57.61,"social_impact_index":8,"governance_compliance":"Compliant"},{"timestamp":"2025-03-03T18:00:00.000","hourly_revenue":0.0,"operational_cost":250.03,"carbon_saved_today":0.0,"social_impact_index":8,"governance_compliance":"Compliant"},{"timestamp":"2025-03-03T19:00:00.000","hourly_revenue":0.0,"operational_cost":274.76,"carbon_saved_today":0.0,"social_impact_index":8,"governance_compliance":"Compliant"},{"timestamp":"2025-03-03T20:00:00.000","hourly_revenue":0.0,"operational_cost":342.03,"carbon_saved_today":0.0,"social_impact_index":8,"governance_compliance":"Compliant"},{"timestamp":"2025-03-03T21:00:00.000","hourly_revenue":0.0,"operational_cost":327.34,"carbon_saved_today":0.0,"social_impact_index":8,"governance_compliance":"Compliant"},{"timestamp":"2025-03-03T22:00:00.000","hourly_revenue":0.0,"operational_cost":288.05,"carbon_saved_today":0.0,"social_impact_index":8,"governance_compliance":"Compliant"},{"timestamp":"2025-03-03T23:00:00.000","hourly_revenue":0.0,"operational_cost":281.66,"carbon_saved_today":0.0,"social_impact_index":8,"governance_compliance":"Non-Compliant"},{"timestamp":"2025-03-04T00:00:00.000","hourly_revenue":0.0,"operational_cost":280.41,"carbon_saved_today":0.0,"social_impact_index":8,"governance_compliance":"Compliant"},{"timestamp":"2025-03-04T01:00:00.000","hourly_revenue":0.0,"operational_cost":253.88,"carbon_saved_today":0.0,"social_impact_index":8,"governance_compliance":"Compliant"},{"timestamp":"2025-03-04T02:00:00.000","hourly_revenue":0.0,"operational_cost":380.77,"carbon_saved_today":0.0,"social_impact_index":8,"governance_compliance":"Compliant"},{"timestamp":"2025-03-04T03:00:00.000","hourly_revenue":0.0,"operational_cost":283.88,"carbon_saved_today":0.0,"social_impact_index":8,"governance_compliance":"Compliant"},{"timestamp":"2025-03-04T04:00:00.000","hourly_revenue":0.0,"operational_cost":360.86,"carbon_saved_today":0.0,"social_impact_index":8,"governance_compliance":"Compliant"},{"timestamp":"2025-03-04T05:00:00.000","hourly_revenue":0.0,"operational_cost":376.07,"carbon_saved_today":0.0,"social_impact_index":8,"governance_compliance":"Compliant"},{"timestamp":"2025-03-04T06:00:00.000","hourly_revenue":0.0,"operational_cost":349.92,"carbon_saved_today":0.0,"social_impact_index":8,"governance_compliance":"Compliant"},{"timestamp":"2025-03-04T07:00:00.000","hourly_revenue":498.7721976619,"operational_cost":278.42,"carbon_saved_today":66.84,"social_impact_index":8,"governance_compliance":"Compliant"},{"timestamp":"2025-03-04T08:00:00.000","hourly_revenue":1159.0073829612,"operational_cost":320.19,"carbon_saved_today":155.31,"social_impact_index":8,"governance_compliance":"Compliant"},{"timestamp":"2025-03-04T09:00:00.000","hourly_revenue":1669.288603975,"operational_cost":298.79,"carbon_saved_today":223.68,"social_impact_index":8,"governance_compliance":"Compliant"},{"timestamp":"2025-03-04T10:00:00.000","hourly_revenue":1305.0588273271,"operational_cost":254.81,"carbon_saved_today":174.88,"social_impact_index":8,"governance_compliance":"Compliant"},{"timestamp":"2025-03-04T11:00:00.000","hourly_revenue":1942.2327497008,"operational_cost":316.22,"carbon_saved_today":260.26,"social_impact_index":8,"governance_compliance":"Compliant"},{"timestamp":"2025-03-04T12:00:00.000","hourly_revenue":1917.4110031488,"operational_cost":241.05,"carbon_saved_today":256.93,"social_impact_index":8,"governance_compliance":"Compliant"},{"timestamp":"2025-03-04T13:00:00.000","hourly_revenue":1663.4284097878,"operational_cost":359.38,"carbon_saved_today":222.9,"social_impact_index":8,"governance_compliance":"Compliant"},{"timestamp":"2025-03-04T14:00:00.000","hourly_revenue":1402.8445588216,"operational_cost":276.77,"carbon_saved_today":187.98,"social_impact_index":8,"governance_compliance":"Compliant"},{"timestamp":"2025-03-04T15:00:00.000","hourly_revenue":1299.3901489108,"operational_cost":310.06,"carbon_saved_today":174.12,"social_impact_index":8,"governance_compliance":"Compliant"},{"timestamp":"2025-03-04T16:00:00.000","hourly_revenue":1221.4548519563,"operational_cost":314.16,"carbon_saved_today":163.67,"social_impact_index":8,"governance_compliance":"Compliant"},{"timestamp":"2025-03-04T17:00:00.000","hourly_revenue":471.8796418937,"operational_cost":287.05,"carbon_saved_today":63.23,"social_impact_index":8,"governance_compliance":"Compliant"},{"timestamp":"2025-03-04T18:00:00.000","hourly_revenue":0.0,"operational_cost":329.33,"carbon_saved_today":0.0,"social_impact_index":8,"governance_compliance":"Compliant"},{"timestamp":"2025-03-04T19:00:00.000","hourly_revenue":0.0,"operational_cost":276.25,"carbon_saved_today":0.0,"social_impact_index":8,"governance_compliance":"Compliant"},{"timestamp":"2025-03-04T20:00:00.000","hourly_revenue":0.0,"operational_cost":343.56,"carbon_saved_today":0.0,"social_impact_index":8,"governance_compliance":"Compliant"},{"timestamp":"2025-03-04T21:00:00.000","hourly_revenue":0.0,"operational_cost":232.7,"carbon_saved_today":0.0,"social_impact_index":8,"governance_compliance":"Compliant"},{"timestamp":"2025-03-04T22:00:00.000","hourly_revenue":0.0,"operational_cost":306.32,"carbon_saved_today":0.0,"social_impact_index":8,"governance_compliance":"Compliant"},{"timestamp":"2025-03-04T23:00:00.000","hourly_revenue":0.0,"operational_cost":396.95,"carbon_saved_today":0.0,"social_impact_index":8,"governance_compliance":"Compliant"},{"timestamp":"2025-03-05T00:00:00.000","hourly_revenue":0.0,"operational_cost":249.98,"carbon_saved_today":0.0,"social_impact_index":5,"governance_compliance":"Compliant"},{"timestamp":"2025-03-05T01:00:00.000","hourly_revenue":0.0,"operational_cost":266.11,"carbon_saved_today":0.0,"social_impact_index":5,"governance_compliance":"Compliant"},{"timestamp":"2025-03-05T02:00:00.000","hourly_revenue":0.0,"operational_cost":325.7,"carbon_saved_today":0.0,"social_impact_index":5,"governance_compliance":"Compliant"},{"timestamp":"2025-03-05T03:00:00.000","hourly_revenue":0.0,"operational_cost":308.98,"carbon_saved_today":0.0,"social_impact_index":5,"governance_compliance":"Compliant"},{"timestamp":"2025-03-05T04:00:00.000","hourly_revenue":0.0,"operational_cost":317.53,"carbon_saved_today":0.0,"social_impact_index":5,"governance_compliance":"Compliant"},{"timestamp":"2025-03-05T05:00:00.000","hourly_revenue":0.0,"operational_cost":324.46,"carbon_saved_today":0.0,"social_impact_index":5,"governance_compliance":"Compliant"},{"timestamp":"2025-03-05T06:00:00.000","hourly_revenue":0.0,"operational_cost":331.74,"carbon_saved_today":0.0,"social_impact_index":5,"governance_compliance":"Compliant"},{"timestamp":"2025-03-05T07:00:00.000","hourly_revenue":460.3475794487,"operational_cost":355.48,"carbon_saved_today":61.69,"social_impact_index":5,"governance_compliance":"Compliant"},{"timestamp":"2025-03-05T08:00:00.000","hourly_revenue":1204.1329429833,"operational_cost":320.49,"carbon_saved_today":161.35,"social_impact_index":5,"governance_compliance":"Non-Compliant"},{"timestamp":"2025-03-05T09:00:00.000","hourly_revenue":1230.0560091843,"operational_cost":287.94,"carbon_saved_today":164.83,"social_impact_index":5,"governance_compliance":"Non-Compliant"},{"timestamp":"2025-03-05T10:00:00.000","hourly_revenue":997.16452205,"operational_cost":333.63,"carbon_saved_today":133.62,"social_impact_index":5,"governance_compliance":"Compliant"},{"timestamp":"2025-03-05T11:00:00.000","hourly_revenue":1345.1646609339,"operational_cost":394.99,"carbon_saved_today":180.25,"social_impact_index":5,"governance_compliance":"Compliant"},{"timestamp":"2025-03-05T12:00:00.000","hourly_revenue":1739.9553178774,"operational_cost":293.37,"carbon_saved_today":233.15,"social_impact_index":5,"governance_compliance":"Compliant"},{"timestamp":"2025-03-05T13:00:00.000","hourly_revenue":1177.8873243032,"operational_cost":251.27,"carbon_saved_today":157.84,"social_impact_index":5,"governance_compliance":"Compliant"},{"timestamp":"2025-03-05T14:00:00.000","hourly_revenue":1316.7871951617,"operational_cost":355.35,"carbon_saved_today":176.45,"social_impact_index":5,"governance_compliance":"Compliant"},{"timestamp":"2025-03-05T15:00:00.000","hourly_revenue":1119.4445965244,"operational_cost":293.98,"carbon_saved_today":150.01,"social_impact_index":5,"governance_compliance":"Compliant"},{"timestamp":"2025-03-05T16:00:00.000","hourly_revenue":868.8187719962,"operational_cost":191.37,"carbon_saved_today":116.42,"social_impact_index":5,"governance_compliance":"Compliant"},{"timestamp":"2025-03-05T17:00:00.000","hourly_revenue":576.7048276295,"operational_cost":342.37,"carbon_saved_today":77.28,"social_impact_index":5,"governance_compliance":"Compliant"},{"timestamp":"2025-03-05T18:00:00.000","hourly_revenue":0.0,"operational_cost":273.23,"carbon_saved_today":0.0,"social_impact_index":5,"governance_compliance":"Non-Compliant"},{"timestamp":"2025-03-05T19:00:00.000","hourly_revenue":0.0,"operational_cost":295.47,"carbon_saved_today":0.0,"social_impact_index":5,"governance_compliance":"Compliant"},{"timestamp":"2025-03-05T20:00:00.000","hourly_revenue":0.0,"operational_cost":316.6,"carbon_saved_today":0.0,"social_impact_index":5,"governance_compliance":"Compliant"},{"timestamp":"2025-03-05T21:00:00.000","hourly_revenue":0.0,"operational_cost":309.52,"carbon_saved_today":0.0,"social_impact_index":5,"governance_compliance":"Compliant"},{"timestamp":"2025-03-05T22:00:00.000","hourly_revenue":0.0,"operational_cost":335.47,"carbon_saved_today":0.0,"social_impact_index":5,"governance_compliance":"Compliant"},{"timestamp":"2025-03-05T23:00:00.000","hourly_revenue":0.0,"operational_cost":278.23,"carbon_saved_today":0.0,"social_impact_index":5,"governance_compliance":"Compliant"},{"timestamp":"2025-03-06T00:00:00.000","hourly_revenue":0.0,"operational_cost":325.66,"carbon_saved_today":0.0,"social_impact_index":8,"governance_compliance":"Compliant"},{"timestamp":"2025-03-06T01:00:00.000","hourly_revenue":0.0,"operational_cost":287.02,"carbon_saved_today":0.0,"social_impact_index":8,"governance_compliance":"Compliant"},{"timestamp":"2025-03-06T02:00:00.000","hourly_revenue":0.0,"operational_cost":336.94,"carbon_saved_today":0.0,"social_impact_index":8,"governance_compliance":"Compliant"},{"timestamp":"2025-03-06T03:00:00.000","hourly_revenue":0.0,"operational_cost":330.77,"carbon_saved_today":0.0,"social_impact_index":8,"governance_compliance":"Compliant"},{"timestamp":"2025-03-06T04:00:00.000","hourly_revenue":0.0,"operational_cost":253.23,"carbon_saved_today":0.0,"social_impact_index":8,"governance_compliance":"Compliant"},{"timestamp":"2025-03-06T05:00:00.000","hourly_revenue":0.0,"operational_cost":354.3,"carbon_saved_today":0.0,"social_impact_index":8,"governance_compliance":"Compliant"},{"timestamp":"2025-03-06T06:00:00.000","hourly_revenue":0.0,"operational_cost":273.2,"carbon_saved_today":0.0,"social_impact_index":8,"governance_compliance":"Compliant"},{"timestamp":"2025-03-06T07:00:00.000","hourly_revenue":446.8499879103,"operational_cost":340.4,"carbon_saved_today":59.88,"social_impact_index":8,"governance_compliance":"Compliant"},{"timestamp":"2025-03-06T08:00:00.000","hourly_revenue":1072.5863952047,"operational_cost":318.36,"carbon_saved_today":143.73,"social_impact_index":8,"governance_compliance":"Compliant"},{"timestamp":"2025-03-06T09:00:00.000","hourly_revenue":1183.9558561405,"operational_cost":391.91,"carbon_saved_today":158.65,"social_impact_index":8,"governance_compliance":"Compliant"},{"timestamp":"2025-03-06T10:00:00.000","hourly_revenue":1897.4077393068,"operational_cost":288.83,"carbon_saved_today":254.25,"social_impact_index":8,"governance_compliance":"Compliant"},{"timestamp":"2025-03-06T11:00:00.000","hourly_revenue":1822.4463983641,"operational_cost":282.53,"carbon_saved_today":244.21,"social_impact_index":8,"governance_compliance":"Compliant"},{"timestamp":"2025-03-06T12:00:00.000","hourly_revenue":2436.7299887367,"operational_cost":299.03,"carbon_saved_today":326.52,"social_impact_index":8,"governance_compliance":"Compliant"},{"timestamp":"2025-03-06T13:00:00.000","hourly_revenue":1581.7237710399,"operational_cost":284.84,"carbon_saved_today":211.95,"social_impact_index":8,"governance_compliance":"Compliant"},{"timestamp":"2025-03-06T14:00:00.000","hourly_revenue":1594.4102300622,"operational_cost":340.0,"carbon_saved_today":213.65,"social_impact_index":8,"governance_compliance":"Compliant"},{"timestamp":"2025-03-06T15:00:00.000","hourly_revenue":1140.8980681342,"operational_cost":219.18,"carbon_saved_today":152.88,"social_impact_index":8,"governance_compliance":"Compliant"},{"timestamp":"2025-03-06T16:00:00.000","hourly_revenue":1212.3468091393,"operational_cost":247.32,"carbon_saved_today":162.45,"social_impact_index":8,"governance_compliance":"Compliant"},{"timestamp":"2025-03-06T17:00:00.000","hourly_revenue":615.3007013267,"operational_cost":246.61,"carbon_saved_today":82.45,"social_impact_index":8,"governance_compliance":"Compliant"},{"timestamp":"2025-03-06T18:00:00.000","hourly_revenue":0.0,"operational_cost":347.52,"carbon_saved_today":0.0,"social_impact_index":8,"governance_compliance":"Compliant"},{"timestamp":"2025-03-06T19:00:00.000","hourly_revenue":0.0,"operational_cost":385.53,"carbon_saved_today":0.0,"social_impact_index":8,"governance_compliance":"Compliant"},{"timestamp":"2025-03-06T20:00:00.000","hourly_revenue":0.0,"operational_cost":294.78,"carbon_saved_today":0.0,"social_impact_index":8,"governance_compliance":"Compliant"},{"timestamp":"2025-03-06T21:00:00.000","hourly_revenue":0.0,"operational_cost":291.56,"carbon_saved_today":0.0,"social_impact_index":8,"governance_compliance":"Compliant"},{"timestamp":"2025-03-06T22:00:00.000","hourly_revenue":0.0,"operational_cost":303.5,"carbon_saved_today":0.0,"social_impact_index":8,"governance_compliance":"Compliant"},{"timestamp":"2025-03-06T23:00:00.000","hourly_revenue":0.0,"operational_cost":358.09,"carbon_saved_today":0.0,"social_impact_index":8,"governance_compliance":"Compliant"},{"timestamp":"2025-03-07T00:00:00.000","hourly_revenue":0.0,"operational_cost":253.63,"carbon_saved_today":0.0,"social_impact_index":8,"governance_compliance":"Compliant"},{"timestamp":"2025-03-07T01:00:00.000","hourly_revenue":0.0,"operational_cost":311.92,"carbon_saved_today":0.0,"social_impact_index":8,"governance_compliance":"Compliant"},{"timestamp":"2025-03-07T02:00:00.000","hourly_revenue":0.0,"operational_cost":348.76,"carbon_saved_today":0.0,"social_impact_index":8,"governance_compliance":"Compliant"},{"timestamp":"2025-03-07T03:00:00.000","hourly_revenue":0.0,"operational_cost":325.05,"carbon_saved_today":0.0,"social_impact_index":8,"governance_compliance":"Compliant"},{"timestamp":"2025-03-07T04:00:00.000","hourly_revenue":0.0,"operational_cost":309.48,"carbon_saved_today":0.0,"social_impact_index":8,"governance_compliance":"Compliant"},{"timestamp":"2025-03-07T05:00:00.000","hourly_revenue":0.0,"operational_cost":350.05,"carbon_saved_today":0.0,"social_impact_index":8,"governance_compliance":"Compliant"},{"timestamp":"2025-03-07T06:00:00.000","hourly_revenue":0.0,"operational_cost":164.84,"carbon_saved_today":0.0,"social_impact_index":8,"governance_compliance":"Compliant"},{"timestamp":"2025-03-07T07:00:00.000","hourly_revenue":620.4177884864,"operational_cost":333.89,"carbon_saved_today":83.14,"social_impact_index":8,"governance_compliance":"Compliant"},{"timestamp":"2025-03-07T08:00:00.000","hourly_revenue":1193.5432121326,"operational_cost":267.3,"carbon_saved_today":159.93,"social_impact_index":8,"governance_compliance":"Compliant"},{"timestamp":"2025-03-07T09:00:00.000","hourly_revenue":1612.1154587373,"operational_cost":208.47,"carbon_saved_today":216.02,"social_impact_index":8,"governance_compliance":"Compliant"},{"timestamp":"2025-03-07T10:00:00.000","hourly_revenue":1855.0538212798,"operational_cost":325.56,"carbon_saved_today":248.58,"social_impact_index":8,"governance_compliance":"Compliant"},{"timestamp":"2025-03-07T11:00:00.000","hourly_revenue":1530.1617046454,"operational_cost":368.68,"carbon_saved_today":205.04,"social_impact_index":8,"governance_compliance":"Compliant"},{"timestamp":"2025-03-07T12:00:00.000","hourly_revenue":1661.6287140946,"operational_cost":293.13,"carbon_saved_today":222.66,"social_impact_index":8,"governance_compliance":"Compliant"},{"timestamp":"2025-03-07T13:00:00.000","hourly_revenue":2316.8254364521,"operational_cost":347.64,"carbon_saved_today":310.45,"social_impact_index":8,"governance_compliance":"Compliant"},{"timestamp":"2025-03-07T14:00:00.000","hourly_revenue":1824.221076935,"operational_cost":380.61,"carbon_saved_today":244.45,"social_impact_index":8,"governance_compliance":"Compliant"},{"timestamp":"2025-03-07T15:00:00.000","hourly_revenue":1067.1634693449,"operational_cost":365.75,"carbon_saved_today":143.0,"social_impact_index":8,"governance_compliance":"Compliant"},{"timestamp":"2025-03-07T16:00:00.000","hourly_revenue":800.735771433,"operational_cost":382.0,"carbon_saved_today":107.3,"social_impact_index":8,"governance_compliance":"Compliant"},{"timestamp":"2025-03-07T17:00:00.000","hourly_revenue":559.9554619582,"operational_cost":337.11,"carbon_saved_today":75.03,"social_impact_index":8,"governance_compliance":"Compliant"},{"timestamp":"2025-03-07T18:00:00.000","hourly_revenue":0.0,"operational_cost":303.77,"carbon_saved_today":0.0,"social_impact_index":8,"governance_compliance":"Compliant"},{"timestamp":"2025-03-07T19:00:00.000","hourly_revenue":0.0,"operational_cost":219.9,"carbon_saved_today":0.0,"social_impact_index":8,"governance_compliance":"Compliant"},{"timestamp":"2025-03-07T20:00:00.000","hourly_revenue":0.0,"operational_cost":287.7,"carbon_saved_today":0.0,"social_impact_index":8,"governance_compliance":"Compliant"},{"timestamp":"2025-03-07T21:00:00.000","hourly_revenue":0.0,"operational_cost":257.84,"carbon_saved_today":0.0,"social_impact_index":8,"governance_compliance":"Compliant"},{"timestamp":"2025-03-07T22:00:00.000","hourly_revenue":0.0,"operational_cost":408.55,"carbon_saved_today":0.0,"social_impact_index":8,"governance_compliance":"Compliant"},{"timestamp":"2025-03-07T23:00:00.000","hourly_revenue":0.0,"operational_cost":291.21,"carbon_saved_today":0.0,"social_impact_index":8,"governance_compliance":"Compliant"},{"timestamp":"2025-03-08T00:00:00.000","hourly_revenue":0.0,"operational_cost":306.16,"carbon_saved_today":0.0,"social_impact_index":10,"governance_compliance":"Compliant"},{"timestamp":"2025-03-08T01:00:00.000","hourly_revenue":0.0,"operational_cost":327.57,"carbon_saved_today":0.0,"social_impact_index":10,"governance_compliance":"Compliant"},{"timestamp":"2025-03-08T02:00:00.000","hourly_revenue":0.0,"operational_cost":302.18,"carbon_saved_today":0.0,"social_impact_index":10,"governance_compliance":"Non-Compliant"},{"timestamp":"2025-03-08T03:00:00.000","hourly_revenue":0.0,"operational_cost":384.75,"carbon_saved_today":0.0,"social_impact_index":10,"governance_compliance":"Compliant"},{"timestamp":"2025-03-08T04:00:00.000","hourly_revenue":0.0,"operational_cost":268.87,"carbon_saved_today":0.0,"social_impact_index":10,"governance_compliance":"Compliant"},{"timestamp":"2025-03-08T05:00:00.000","hourly_revenue":0.0,"operational_cost":309.73,"carbon_saved_today":0.0,"social_impact_index":10,"governance_compliance":"Compliant"},{"timestamp":"2025-03-08T06:00:00.000","hourly_revenue":0.0,"operational_cost":262.88,"carbon_saved_today":0.0,"social_impact_index":10,"governance_compliance":"Compliant"},{"timestamp":"2025-03-08T07:00:00.000","hourly_revenue":535.3176576926,"operational_cost":234.0,"carbon_saved_today":71.73,"social_impact_index":10,"governance_compliance":"Compliant"},{"timestamp":"2025-03-08T08:00:00.000","hourly_revenue":796.837383914,"operational_cost":269.41,"carbon_saved_today":106.78,"social_impact_index":10,"governance_compliance":"Compliant"},{"timestamp":"2025-03-08T09:00:00.000","hourly_revenue":1320.6745096726,"operational_cost":298.15,"carbon_saved_today":176.97,"social_impact_index":10,"governance_compliance":"Compliant"},{"timestamp":"2025-03-08T10:00:00.000","hourly_revenue":1528.7100932328,"operational_cost":278.53,"carbon_saved_today":204.85,"social_impact_index":10,"governance_compliance":"Compliant"},{"timestamp":"2025-03-08T11:00:00.000","hourly_revenue":1684.5646373205,"operational_cost":265.38,"carbon_saved_today":225.73,"social_impact_index":10,"governance_compliance":"Compliant"},{"timestamp":"2025-03-08T12:00:00.000","hourly_revenue":2473.0105547524,"operational_cost":229.68,"carbon_saved_today":331.38,"social_impact_index":10,"governance_compliance":"Compliant"},{"timestamp":"2025-03-08T13:00:00.000","hourly_revenue":1828.5919839447,"operational_cost":295.84,"carbon_saved_today":245.03,"social_impact_index":10,"governance_compliance":"Compliant"},{"timestamp":"2025-03-08T14:00:00.000","hourly_revenue":2071.5730838184,"operational_cost":224.76,"carbon_saved_today":277.59,"social_impact_index":10,"governance_compliance":"Compliant"},{"timestamp":"2025-03-08T15:00:00.000","hourly_revenue":1506.9425740912,"operational_cost":338.0,"carbon_saved_today":201.93,"social_impact_index":10,"governance_compliance":"Compliant"},{"timestamp":"2025-03-08T16:00:00.000","hourly_revenue":1147.4056517708,"operational_cost":304.12,"carbon_saved_today":153.75,"social_impact_index":10,"governance_compliance":"Non-Compliant"},{"timestamp":"2025-03-08T17:00:00.000","hourly_revenue":518.3206201244,"operational_cost":227.12,"carbon_saved_today":69.45,"social_impact_index":10,"governance_compliance":"Compliant"},{"timestamp":"2025-03-08T18:00:00.000","hourly_revenue":0.0,"operational_cost":284.54,"carbon_saved_today":0.0,"social_impact_index":10,"governance_compliance":"Compliant"},{"timestamp":"2025-03-08T19:00:00.000","hourly_revenue":0.0,"operational_cost":262.39,"carbon_saved_today":0.0,"social_impact_index":10,"governance_compliance":"Compliant"},{"timestamp":"2025-03-08T20:00:00.000","hourly_revenue":0.0,"operational_cost":315.96,"carbon_saved_today":0.0,"social_impact_index":10,"governance_compliance":"Compliant"},{"timestamp":"2025-03-08T21:00:00.000","hourly_revenue":0.0,"operational_cost":367.02,"carbon_saved_today":0.0,"social_impact_index":10,"governance_compliance":"Compliant"},{"timestamp":"2025-03-08T22:00:00.000","hourly_revenue":0.0,"operational_cost":206.24,"carbon_saved_today":0.0,"social_impact_index":10,"governance_compliance":"Compliant"},{"timestamp":"2025-03-08T23:00:00.000","hourly_revenue":0.0,"operational_cost":305.75,"carbon_saved_today":0.0,"social_impact_index":10,"governance_compliance":"Compliant"},{"timestamp":"2025-03-09T00:00:00.000","hourly_revenue":0.0,"operational_cost":291.99,"carbon_saved_today":0.0,"social_impact_index":10,"governance_compliance":"Compliant"},{"timestamp":"2025-03-09T01:00:00.000","hourly_revenue":0.0,"operational_cost":333.57,"carbon_saved_today":0.0,"social_impact_index":10,"governance_compliance":"Compliant"},{"timestamp":"2025-03-09T02:00:00.000","hourly_revenue":0.0,"operational_cost":310.66,"carbon_saved_today":0.0,"social_impact_index":10,"governance_compliance":"Compliant"},{"timestamp":"2025-03-09T03:00:00.000","hourly_revenue":0.0,"operational_cost":262.4,"carbon_saved_today":0.0,"social_impact_index":10,"governance_compliance":"Compliant"},{"timestamp":"2025-03-09T04:00:00.000","hourly_revenue":0.0,"operational_cost":284.05,"carbon_saved_today":0.0,"social_impact_index":10,"governance_compliance":"Non-Compliant"},{"timestamp":"2025-03-09T05:00:00.000","hourly_revenue":0.0,"operational_cost":260.2,"carbon_saved_today":0.0,"social_impact_index":10,"governance_compliance":"Compliant"},{"timestamp":"2025-03-09T06:00:00.000","hourly_revenue":0.0,"operational_cost":353.8,"carbon_saved_today":0.0,"social_impact_index":10,"governance_compliance":"Compliant"},{"timestamp":"2025-03-09T07:00:00.000","hourly_revenue":628.4950915737,"operational_cost":301.07,"carbon_saved_today":84.22,"social_impact_index":10,"governance_compliance":"Compliant"},{"timestamp":"2025-03-09T08:00:00.000","hourly_revenue":964.0920741587,"operational_cost":395.06,"carbon_saved_today":129.19,"social_impact_index":10,"governance_compliance":"Compliant"},{"timestamp":"2025-03-09T09:00:00.000","hourly_revenue":1744.1883493923,"operational_cost":296.97,"carbon_saved_today":233.72,"social_impact_index":10,"governance_compliance":"Compliant"},{"timestamp":"2025-03-09T10:00:00.000","hourly_revenue":2133.5574854301,"operational_cost":264.58,"carbon_saved_today":285.9,"social_impact_index":10,"governance_compliance":"Compliant"},{"timestamp":"2025-03-09T11:00:00.000","hourly_revenue":2272.8326025383,"operational_cost":224.31,"carbon_saved_today":304.56,"social_impact_index":10,"governance_compliance":"Compliant"},{"timestamp":"2025-03-09T12:00:00.000","hourly_revenue":1794.4488920696,"operational_cost":209.84,"carbon_saved_today":240.46,"social_impact_index":10,"governance_compliance":"Compliant"},{"timestamp":"2025-03-09T13:00:00.000","hourly_revenue":1820.8645811355,"operational_cost":220.79,"carbon_saved_today":244.0,"social_impact_index":10,"governance_compliance":"Compliant"},{"timestamp":"2025-03-09T14:00:00.000","hourly_revenue":2036.1440853028,"operational_cost":313.36,"carbon_saved_today":272.84,"social_impact_index":10,"governance_compliance":"Compliant"},{"timestamp":"2025-03-09T15:00:00.000","hourly_revenue":1284.7578707331,"operational_cost":325.44,"carbon_saved_today":172.16,"social_impact_index":10,"governance_compliance":"Compliant"},{"timestamp":"2025-03-09T16:00:00.000","hourly_revenue":834.746373343,"operational_cost":220.94,"carbon_saved_today":111.86,"social_impact_index":10,"governance_compliance":"Compliant"},{"timestamp":"2025-03-09T17:00:00.000","hourly_revenue":532.3393387151,"operational_cost":344.75,"carbon_saved_today":71.33,"social_impact_index":10,"governance_compliance":"Compliant"},{"timestamp":"2025-03-09T18:00:00.000","hourly_revenue":0.0,"operational_cost":275.85,"carbon_saved_today":0.0,"social_impact_index":10,"governance_compliance":"Compliant"},{"timestamp":"2025-03-09T19:00:00.000","hourly_revenue":0.0,"operational_cost":307.34,"carbon_saved_today":0.0,"social_impact_index":10,"governance_compliance":"Compliant"},{"timestamp":"2025-03-09T20:00:00.000","hourly_revenue":0.0,"operational_cost":380.61,"carbon_saved_today":0.0,"social_impact_index":10,"governance_compliance":"Compliant"},{"timestamp":"2025-03-09T21:00:00.000","hourly_revenue":0.0,"operational_cost":344.84,"carbon_saved_today":0.0,"social_impact_index":10,"governance_compliance":"Compliant"},{"timestamp":"2025-03-09T22:00:00.000","hourly_revenue":0.0,"operational_cost":286.57,"carbon_saved_today":0.0,"social_impact_index":10,"governance_compliance":"Compliant"},{"timestamp":"2025-03-09T23:00:00.000","hourly_revenue":0.0,"operational_cost":255.44,"carbon_saved_today":0.0,"social_impact_index":10,"governance_compliance":"Compliant"},{"timestamp":"2025-03-10T00:00:00.000","hourly_revenue":0.0,"operational_cost":192.41,"carbon_saved_today":0.0,"social_impact_index":8,"governance_compliance":"Compliant"},{"timestamp":"2025-03-10T01:00:00.000","hourly_revenue":0.0,"operational_cost":264.04,"carbon_saved_today":0.0,"social_impact_index":8,"governance_compliance":"Compliant"},{"timestamp":"2025-03-10T02:00:00.000","hourly_revenue":0.0,"operational_cost":289.44,"carbon_saved_today":0.0,"social_impact_index":8,"governance_compliance":"Compliant"},{"timestamp":"2025-03-10T03:00:00.000","hourly_revenue":0.0,"operational_cost":250.64,"carbon_saved_today":0.0,"social_impact_index":8,"governance_compliance":"Compliant"},{"timestamp":"2025-03-10T04:00:00.000","hourly_revenue":0.0,"operational_cost":293.44,"carbon_saved_today":0.0,"social_impact_index":8,"governance_compliance":"Compliant"},{"timestamp":"2025-03-10T05:00:00.000","hourly_revenue":0.0,"operational_cost":303.84,"carbon_saved_today":0.0,"social_impact_index":8,"governance_compliance":"Compliant"},{"timestamp":"2025-03-10T06:00:00.000","hourly_revenue":0.0,"operational_cost":288.76,"carbon_saved_today":0.0,"social_impact_index":8,"governance_compliance":"Compliant"},{"timestamp":"2025-03-10T07:00:00.000","hourly_revenue":464.2157284362,"operational_cost":267.5,"carbon_saved_today":62.2,"social_impact_index":8,"governance_compliance":"Compliant"},{"timestamp":"2025-03-10T08:00:00.000","hourly_revenue":1154.6805777393,"operational_cost":308.43,"carbon_saved_today":154.73,"social_impact_index":8,"governance_compliance":"Compliant"},{"timestamp":"2025-03-10T09:00:00.000","hourly_revenue":1633.4968466875,"operational_cost":322.1,"carbon_saved_today":218.89,"social_impact_index":8,"governance_compliance":"Compliant"},{"timestamp":"2025-03-10T10:00:00.000","hourly_revenue":2049.9447604853,"operational_cost":245.48,"carbon_saved_today":274.69,"social_impact_index":8,"governance_compliance":"Compliant"},{"timestamp":"2025-03-10T11:00:00.000","hourly_revenue":2331.0113747624,"operational_cost":370.55,"carbon_saved_today":312.36,"social_impact_index":8,"governance_compliance":"Compliant"},{"timestamp":"2025-03-10T12:00:00.000","hourly_revenue":2011.3423988609,"operational_cost":295.07,"carbon_saved_today":269.52,"social_impact_index":8,"governance_compliance":"Compliant"},{"timestamp":"2025-03-10T13:00:00.000","hourly_revenue":1933.3162807768,"operational_cost":300.94,"carbon_saved_today":259.06,"social_impact_index":8,"governance_compliance":"Compliant"},{"timestamp":"2025-03-10T14:00:00.000","hourly_revenue":1990.3820103805,"operational_cost":335.41,"carbon_saved_today":266.71,"social_impact_index":8,"governance_compliance":"Non-Compliant"},{"timestamp":"2025-03-10T15:00:00.000","hourly_revenue":1520.2540747594,"operational_cost":311.66,"carbon_saved_today":203.71,"social_impact_index":8,"governance_compliance":"Compliant"},{"timestamp":"2025-03-10T16:00:00.000","hourly_revenue":1100.9834386289,"operational_cost":347.66,"carbon_saved_today":147.53,"social_impact_index":8,"governance_compliance":"Non-Compliant"},{"timestamp":"2025-03-10T17:00:00.000","hourly_revenue":594.1948664568,"operational_cost":314.36,"carbon_saved_today":79.62,"social_impact_index":8,"governance_compliance":"Compliant"},{"timestamp":"2025-03-10T18:00:00.000","hourly_revenue":0.0,"operational_cost":269.38,"carbon_saved_today":0.0,"social_impact_index":8,"governance_compliance":"Compliant"},{"timestamp":"2025-03-10T19:00:00.000","hourly_revenue":0.0,"operational_cost":318.08,"carbon_saved_today":0.0,"social_impact_index":8,"governance_compliance":"Compliant"},{"timestamp":"2025-03-10T20:00:00.000","hourly_revenue":0.0,"operational_cost":242.81,"carbon_saved_today":0.0,"social_impact_index":8,"governance_compliance":"Compliant"},{"timestamp":"2025-03-10T21:00:00.000","hourly_revenue":0.0,"operational_cost":305.43,"carbon_saved_today":0.0,"social_impact_index":8,"governance_compliance":"Compliant"},{"timestamp":"2025-03-10T22:00:00.000","hourly_revenue":0.0,"operational_cost":298.34,"carbon_saved_today":0.0,"social_impact_index":8,"governance_compliance":"Compliant"},{"timestamp":"2025-03-10T23:00:00.000","hourly_revenue":0.0,"operational_cost":289.59,"carbon_saved_today":0.0,"social_impact_index":8,"governance_compliance":"Compliant"},{"timestamp":"2025-03-11T00:00:00.000","hourly_revenue":0.0,"operational_cost":293.57,"carbon_saved_today":0.0,"social_impact_index":5,"governance_compliance":"Compliant"},{"timestamp":"2025-03-11T01:00:00.000","hourly_revenue":0.0,"operational_cost":205.91,"carbon_saved_today":0.0,"social_impact_index":5,"governance_compliance":"Compliant"},{"timestamp":"2025-03-11T02:00:00.000","hourly_revenue":0.0,"operational_cost":272.56,"carbon_saved_today":0.0,"social_impact_index":5,"governance_compliance":"Compliant"},{"timestamp":"2025-03-11T03:00:00.000","hourly_revenue":0.0,"operational_cost":304.64,"carbon_saved_today":0.0,"social_impact_index":5,"governance_compliance":"Compliant"},{"timestamp":"2025-03-11T04:00:00.000","hourly_revenue":0.0,"operational_cost":307.99,"carbon_saved_today":0.0,"social_impact_index":5,"governance_compliance":"Non-Compliant"},{"timestamp":"2025-03-11T05:00:00.000","hourly_revenue":0.0,"operational_cost":248.62,"carbon_saved_today":0.0,"social_impact_index":5,"governance_compliance":"Compliant"},{"timestamp":"2025-03-11T06:00:00.000","hourly_revenue":0.0,"operational_cost":363.29,"carbon_saved_today":0.0,"social_impact_index":5,"governance_compliance":"Compliant"},{"timestamp":"2025-03-11T07:00:00.000","hourly_revenue":481.4527655187,"operational_cost":256.69,"carbon_saved_today":64.51,"social_impact_index":5,"governance_compliance":"Compliant"},{"timestamp":"2025-03-11T08:00:00.000","hourly_revenue":813.5302563259,"operational_cost":348.47,"carbon_saved_today":109.01,"social_impact_index":5,"governance_compliance":"Compliant"},{"timestamp":"2025-03-11T09:00:00.000","hourly_revenue":1429.9419223935,"operational_cost":321.36,"carbon_saved_today":191.61,"social_impact_index":5,"governance_compliance":"Compliant"},{"timestamp":"2025-03-11T10:00:00.000","hourly_revenue":1376.1104583872,"operational_cost":267.69,"carbon_saved_today":184.4,"social_impact_index":5,"governance_compliance":"Compliant"},{"timestamp":"2025-03-11T11:00:00.000","hourly_revenue":1160.1490906243,"operational_cost":388.77,"carbon_saved_today":155.46,"social_impact_index":5,"governance_compliance":"Compliant"},{"timestamp":"2025-03-11T12:00:00.000","hourly_revenue":1486.0233330733,"operational_cost":240.32,"carbon_saved_today":199.13,"social_impact_index":5,"governance_compliance":"Compliant"},{"timestamp":"2025-03-11T13:00:00.000","hourly_revenue":1071.9296420556,"operational_cost":345.96,"carbon_saved_today":143.64,"social_impact_index":5,"governance_compliance":"Compliant"},{"timestamp":"2025-03-11T14:00:00.000","hourly_revenue":940.657052384,"operational_cost":350.03,"carbon_saved_today":126.05,"social_impact_index":5,"governance_compliance":"Non-Compliant"},{"timestamp":"2025-03-11T15:00:00.000","hourly_revenue":1005.4692444836,"operational_cost":266.47,"carbon_saved_today":134.73,"social_impact_index":5,"governance_compliance":"Compliant"},{"timestamp":"2025-03-11T16:00:00.000","hourly_revenue":1020.3175608051,"operational_cost":369.62,"carbon_saved_today":136.72,"social_impact_index":5,"governance_compliance":"Compliant"},{"timestamp":"2025-03-11T17:00:00.000","hourly_revenue":553.2075660793,"operational_cost":287.5,"carbon_saved_today":74.13,"social_impact_index":5,"governance_compliance":"Compliant"},{"timestamp":"2025-03-11T18:00:00.000","hourly_revenue":0.0,"operational_cost":314.43,"carbon_saved_today":0.0,"social_impact_index":5,"governance_compliance":"Compliant"},{"timestamp":"2025-03-11T19:00:00.000","hourly_revenue":0.0,"operational_cost":313.02,"carbon_saved_today":0.0,"social_impact_index":5,"governance_compliance":"Compliant"},{"timestamp":"2025-03-11T20:00:00.000","hourly_revenue":0.0,"operational_cost":293.28,"carbon_saved_today":0.0,"social_impact_index":5,"governance_compliance":"Compliant"},{"timestamp":"2025-03-11T21:00:00.000","hourly_revenue":0.0,"operational_cost":340.54,"carbon_saved_today":0.0,"social_impact_index":5,"governance_compliance":"Compliant"},{"timestamp":"2025-03-11T22:00:00.000","hourly_revenue":0.0,"operational_cost":339.67,"carbon_saved_today":0.0,"social_impact_index":5,"governance_compliance":"Compliant"},{"timestamp":"2025-03-11T23:00:00.000","hourly_revenue":0.0,"operational_cost":212.57,"carbon_saved_today":0.0,"social_impact_index":5,"governance_compliance":"Compliant"},{"timestamp":"2025-03-12T00:00:00.000","hourly_revenue":0.0,"operational_cost":365.22,"carbon_saved_today":0.0,"social_impact_index":8,"governance_compliance":"Compliant"},{"timestamp":"2025-03-12T01:00:00.000","hourly_revenue":0.0,"operational_cost":216.88,"carbon_saved_today":0.0,"social_impact_index":8,"governance_compliance":"Compliant"},{"timestamp":"2025-03-12T02:00:00.000","hourly_revenue":0.0,"operational_cost":351.63,"carbon_saved_today":0.0,"social_impact_index":8,"governance_compliance":"Compliant"},{"timestamp":"2025-03-12T03:00:00.000","hourly_revenue":0.0,"operational_cost":356.34,"carbon_saved_today":0.0,"social_impact_index":8,"governance_compliance":"Compliant"},{"timestamp":"2025-03-12T04:00:00.000","hourly_revenue":0.0,"operational_cost":245.45,"carbon_saved_today":0.0,"social_impact_index":8,"governance_compliance":"Compliant"},{"timestamp":"2025-03-12T05:00:00.000","hourly_revenue":0.0,"operational_cost":279.46,"carbon_saved_today":0.0,"social_impact_index":8,"governance_compliance":"Compliant"},{"timestamp":"2025-03-12T06:00:00.000","hourly_revenue":0.0,"operational_cost":244.71,"carbon_saved_today":0.0,"social_impact_index":8,"governance_compliance":"Compliant"},{"timestamp":"2025-03-12T07:00:00.000","hourly_revenue":433.0804380962,"operational_cost":289.25,"carbon_saved_today":58.03,"social_impact_index":8,"governance_compliance":"Compliant"},{"timestamp":"2025-03-12T08:00:00.000","hourly_revenue":828.2185213355,"operational_cost":284.6,"carbon_saved_today":110.98,"social_impact_index":8,"governance_compliance":"Compliant"},{"timestamp":"2025-03-12T09:00:00.000","hourly_revenue":1237.6086220158,"operational_cost":338.98,"carbon_saved_today":165.84,"social_impact_index":8,"governance_compliance":"Compliant"},{"timestamp":"2025-03-12T10:00:00.000","hourly_revenue":1774.682349748,"operational_cost":365.52,"carbon_saved_today":237.81,"social_impact_index":8,"governance_compliance":"Compliant"},{"timestamp":"2025-03-12T11:00:00.000","hourly_revenue":2139.1353965305,"operational_cost":369.78,"carbon_saved_today":286.64,"social_impact_index":8,"governance_compliance":"Compliant"},{"timestamp":"2025-03-12T12:00:00.000","hourly_revenue":2160.1973767177,"operational_cost":271.89,"carbon_saved_today":289.47,"social_impact_index":8,"governance_compliance":"Compliant"},{"timestamp":"2025-03-12T13:00:00.000","hourly_revenue":1719.2841201474,"operational_cost":289.54,"carbon_saved_today":230.38,"social_impact_index":8,"governance_compliance":"Compliant"},{"timestamp":"2025-03-12T14:00:00.000","hourly_revenue":2125.9756959227,"operational_cost":215.83,"carbon_saved_today":284.88,"social_impact_index":8,"governance_compliance":"Compliant"},{"timestamp":"2025-03-12T15:00:00.000","hourly_revenue":1582.432085392,"operational_cost":259.71,"carbon_saved_today":212.05,"social_impact_index":8,"governance_compliance":"Compliant"},{"timestamp":"2025-03-12T16:00:00.000","hourly_revenue":1027.1770262557,"operational_cost":348.24,"carbon_saved_today":137.64,"social_impact_index":8,"governance_compliance":"Compliant"},{"timestamp":"2025-03-12T17:00:00.000","hourly_revenue":546.5535470636,"operational_cost":380.78,"carbon_saved_today":73.24,"social_impact_index":8,"governance_compliance":"Compliant"},{"timestamp":"2025-03-12T18:00:00.000","hourly_revenue":0.0,"operational_cost":238.28,"carbon_saved_today":0.0,"social_impact_index":8,"governance_compliance":"Compliant"},{"timestamp":"2025-03-12T19:00:00.000","hourly_revenue":0.0,"operational_cost":270.38,"carbon_saved_today":0.0,"social_impact_index":8,"governance_compliance":"Compliant"},{"timestamp":"2025-03-12T20:00:00.000","hourly_revenue":0.0,"operational_cost":298.68,"carbon_saved_today":0.0,"social_impact_index":8,"governance_compliance":"Compliant"},{"timestamp":"2025-03-12T21:00:00.000","hourly_revenue":0.0,"operational_cost":314.01,"carbon_saved_today":0.0,"social_impact_index":8,"governance_compliance":"Compliant"},{"timestamp":"2025-03-12T22:00:00.000","hourly_revenue":0.0,"operational_cost":259.52,"carbon_saved_today":0.0,"social_impact_index":8,"governance_compliance":"Non-Compliant"},{"timestamp":"2025-03-12T23:00:00.000","hourly_revenue":0.0,"operational_cost":321.2,"carbon_saved_today":0.0,"social_impact_index":8,"governance_compliance":"Compliant"},{"timestamp":"2025-03-13T00:00:00.000","hourly_revenue":0.0,"operational_cost":276.31,"carbon_saved_today":0.0,"social_impact_index":5,"governance_compliance":"Compliant"},{"timestamp":"2025-03-13T01:00:00.000","hourly_revenue":0.0,"operational_cost":299.28,"carbon_saved_today":0.0,"social_impact_index":5,"governance_compliance":"Compliant"},{"timestamp":"2025-03-13T02:00:00.000","hourly_revenue":0.0,"operational_cost":327.31,"carbon_saved_today":0.0,"social_impact_index":5,"governance_compliance":"Compliant"},{"timestamp":"2025-03-13T03:00:00.000","hourly_revenue":0.0,"operational_cost":300.32,"carbon_saved_today":0.0,"social_impact_index":5,"governance_compliance":"Compliant"},{"timestamp":"2025-03-13T04:00:00.000","hourly_revenue":0.0,"operational_cost":278.18,"carbon_saved_today":0.0,"social_impact_index":5,"governance_compliance":"Compliant"},{"timestamp":"2025-03-13T05:00:00.000","hourly_revenue":0.0,"operational_cost":294.52,"carbon_saved_today":0.0,"social_impact_index":5,"governance_compliance":"Compliant"},{"timestamp":"2025-03-13T06:00:00.000","hourly_revenue":0.0,"operational_cost":295.58,"carbon_saved_today":0.0,"social_impact_index":5,"governance_compliance":"Compliant"},{"timestamp":"2025-03-13T07:00:00.000","hourly_revenue":510.7720792502,"operational_cost":281.5,"carbon_saved_today":68.44,"social_impact_index":5,"governance_compliance":"Compliant"},{"timestamp":"2025-03-13T08:00:00.000","hourly_revenue":836.600934955,"operational_cost":287.06,"carbon_saved_today":112.1,"social_impact_index":5,"governance_compliance":"Compliant"},{"timestamp":"2025-03-13T09:00:00.000","hourly_revenue":1367.439614985,"operational_cost":379.93,"carbon_saved_today":183.24,"social_impact_index":5,"governance_compliance":"Compliant"},{"timestamp":"2025-03-13T10:00:00.000","hourly_revenue":1150.9073304352,"operational_cost":328.05,"carbon_saved_today":154.22,"social_impact_index":5,"governance_compliance":"Compliant"},{"timestamp":"2025-03-13T11:00:00.000","hourly_revenue":1430.6279779854,"operational_cost":285.23,"carbon_saved_today":191.7,"social_impact_index":5,"governance_compliance":"Compliant"},{"timestamp":"2025-03-13T12:00:00.000","hourly_revenue":1494.5655556074,"operational_cost":334.85,"carbon_saved_today":200.27,"social_impact_index":5,"governance_compliance":"Compliant"},{"timestamp":"2025-03-13T13:00:00.000","hourly_revenue":1044.8543367548,"operational_cost":283.31,"carbon_saved_today":140.01,"social_impact_index":5,"governance_compliance":"Non-Compliant"},{"timestamp":"2025-03-13T14:00:00.000","hourly_revenue":1136.4235025649,"operational_cost":358.66,"carbon_saved_today":152.28,"social_impact_index":5,"governance_compliance":"Compliant"},{"timestamp":"2025-03-13T15:00:00.000","hourly_revenue":1052.2469735779,"operational_cost":318.48,"carbon_saved_today":141.0,"social_impact_index":5,"governance_compliance":"Compliant"},{"timestamp":"2025-03-13T16:00:00.000","hourly_revenue":1001.56812929,"operational_cost":294.63,"carbon_saved_today":134.21,"social_impact_index":5,"governance_compliance":"Compliant"},{"timestamp":"2025-03-13T17:00:00.000","hourly_revenue":609.9044504902,"operational_cost":322.39,"carbon_saved_today":81.73,"social_impact_index":5,"governance_compliance":"Compliant"},{"timestamp":"2025-03-13T18:00:00.000","hourly_revenue":0.0,"operational_cost":221.46,"carbon_saved_today":0.0,"social_impact_index":5,"governance_compliance":"Compliant"},{"timestamp":"2025-03-13T19:00:00.000","hourly_revenue":0.0,"operational_cost":243.66,"carbon_saved_today":0.0,"social_impact_index":5,"governance_compliance":"Compliant"},{"timestamp":"2025-03-13T20:00:00.000","hourly_revenue":0.0,"operational_cost":240.3,"carbon_saved_today":0.0,"social_impact_index":5,"governance_compliance":"Compliant"},{"timestamp":"2025-03-13T21:00:00.000","hourly_revenue":0.0,"operational_cost":307.15,"carbon_saved_today":0.0,"social_impact_index":5,"governance_compliance":"Compliant"},{"timestamp":"2025-03-13T22:00:00.000","hourly_revenue":0.0,"operational_cost":386.63,"carbon_saved_today":0.0,"social_impact_index":5,"governance_compliance":"Compliant"},{"timestamp":"2025-03-13T23:00:00.000","hourly_revenue":0.0,"operational_cost":411.57,"carbon_saved_today":0.0,"social_impact_index":5,"governance_compliance":"Compliant"},{"timestamp":"2025-03-14T00:00:00.000","hourly_revenue":0.0,"operational_cost":331.9,"carbon_saved_today":0.0,"social_impact_index":8,"governance_compliance":"Compliant"},{"timestamp":"2025-03-14T01:00:00.000","hourly_revenue":0.0,"operational_cost":325.04,"carbon_saved_today":0.0,"social_impact_index":8,"governance_compliance":"Compliant"},{"timestamp":"2025-03-14T02:00:00.000","hourly_revenue":0.0,"operational_cost":209.95,"carbon_saved_today":0.0,"social_impact_index":8,"governance_compliance":"Compliant"},{"timestamp":"2025-03-14T03:00:00.000","hourly_revenue":0.0,"operational_cost":272.87,"carbon_saved_today":0.0,"social_impact_index":8,"governance_compliance":"Compliant"},{"timestamp":"2025-03-14T04:00:00.000","hourly_revenue":0.0,"operational_cost":260.61,"carbon_saved_today":0.0,"social_impact_index":8,"governance_compliance":"Compliant"},{"timestamp":"2025-03-14T05:00:00.000","hourly_revenue":0.0,"operational_cost":268.96,"carbon_saved_today":0.0,"social_impact_index":8,"governance_compliance":"Compliant"},{"timestamp":"2025-03-14T06:00:00.000","hourly_revenue":0.0,"operational_cost":291.59,"carbon_saved_today":0.0,"social_impact_index":8,"governance_compliance":"Compliant"},{"timestamp":"2025-03-14T07:00:00.000","hourly_revenue":488.1592836809,"operational_cost":276.4,"carbon_saved_today":65.41,"social_impact_index":8,"governance_compliance":"Compliant"},{"timestamp":"2025-03-14T08:00:00.000","hourly_revenue":1230.595281912,"operational_cost":201.04,"carbon_saved_today":164.9,"social_impact_index":8,"governance_compliance":"Compliant"},{"timestamp":"2025-03-14T09:00:00.000","hourly_revenue":1700.8397500585,"operational_cost":337.4,"carbon_saved_today":227.91,"social_impact_index":8,"governance_compliance":"Compliant"},{"timestamp":"2025-03-14T10:00:00.000","hourly_revenue":1468.59820224,"operational_cost":246.36,"carbon_saved_today":196.79,"social_impact_index":8,"governance_compliance":"Compliant"},{"timestamp":"2025-03-14T11:00:00.000","hourly_revenue":1515.8866112939,"operational_cost":311.96,"carbon_saved_today":203.13,"social_impact_index":8,"governance_compliance":"Compliant"},{"timestamp":"2025-03-14T12:00:00.000","hourly_revenue":1600.7780013774,"operational_cost":403.7,"carbon_saved_today":214.5,"social_impact_index":8,"governance_compliance":"Compliant"},{"timestamp":"2025-03-14T13:00:00.000","hourly_revenue":1466.4896714326,"operational_cost":254.03,"carbon_saved_today":196.51,"social_impact_index":8,"governance_compliance":"Compliant"},{"timestamp":"2025-03-14T14:00:00.000","hourly_revenue":1380.8281088999,"operational_cost":173.49,"carbon_saved_today":185.03,"social_impact_index":8,"governance_compliance":"Compliant"},{"timestamp":"2025-03-14T15:00:00.000","hourly_revenue":1543.6188928589,"operational_cost":285.7,"carbon_saved_today":206.84,"social_impact_index":8,"governance_compliance":"Compliant"},{"timestamp":"2025-03-14T16:00:00.000","hourly_revenue":785.5943242301,"operational_cost":355.05,"carbon_saved_today":105.27,"social_impact_index":8,"governance_compliance":"Compliant"},{"timestamp":"2025-03-14T17:00:00.000","hourly_revenue":470.7855356974,"operational_cost":397.92,"carbon_saved_today":63.09,"social_impact_index":8,"governance_compliance":"Compliant"},{"timestamp":"2025-03-14T18:00:00.000","hourly_revenue":0.0,"operational_cost":238.52,"carbon_saved_today":0.0,"social_impact_index":8,"governance_compliance":"Compliant"},{"timestamp":"2025-03-14T19:00:00.000","hourly_revenue":0.0,"operational_cost":324.83,"carbon_saved_today":0.0,"social_impact_index":8,"governance_compliance":"Compliant"},{"timestamp":"2025-03-14T20:00:00.000","hourly_revenue":0.0,"operational_cost":276.73,"carbon_saved_today":0.0,"social_impact_index":8,"governance_compliance":"Compliant"},{"timestamp":"2025-03-14T21:00:00.000","hourly_revenue":0.0,"operational_cost":294.7,"carbon_saved_today":0.0,"social_impact_index":8,"governance_compliance":"Compliant"},{"timestamp":"2025-03-14T22:00:00.000","hourly_revenue":0.0,"operational_cost":432.22,"carbon_saved_today":0.0,"social_impact_index":8,"governance_compliance":"Compliant"},{"timestamp":"2025-03-14T23:00:00.000","hourly_revenue":0.0,"operational_cost":224.85,"carbon_saved_today":0.0,"social_impact_index":8,"governance_compliance":"Compliant"},{"timestamp":"2025-03-15T00:00:00.000","hourly_revenue":0.0,"operational_cost":312.69,"carbon_saved_today":0.0,"social_impact_index":10,"governance_compliance":"Partial"},{"timestamp":"2025-03-15T01:00:00.000","hourly_revenue":0.0,"operational_cost":323.38,"carbon_saved_today":0.0,"social_impact_index":10,"governance_compliance":"Partial"},{"timestamp":"2025-03-15T02:00:00.000","hourly_revenue":0.0,"operational_cost":354.29,"carbon_saved_today":0.0,"social_impact_index":10,"governance_compliance":"Partial"},{"timestamp":"2025-03-15T03:00:00.000","hourly_revenue":0.0,"operational_cost":304.9,"carbon_saved_today":0.0,"social_impact_index":10,"governance_compliance":"Partial"},{"timestamp":"2025-03-15T04:00:00.000","hourly_revenue":0.0,"operational_cost":315.4,"carbon_saved_today":0.0,"social_impact_index":10,"governance_compliance":"Partial"},{"timestamp":"2025-03-15T05:00:00.000","hourly_revenue":0.0,"operational_cost":280.42,"carbon_saved_today":0.0,"social_impact_index":10,"governance_compliance":"Partial"},{"timestamp":"2025-03-15T06:00:00.000","hourly_revenue":0.0,"operational_cost":313.46,"carbon_saved_today":0.0,"social_impact_index":10,"governance_compliance":"Partial"},{"timestamp":"2025-03-15T07:00:00.000","hourly_revenue":0.0,"operational_cost":282.84,"carbon_saved_today":0.0,"social_impact_index":10,"governance_compliance":"Partial"},{"timestamp":"2025-03-15T08:00:00.000","hourly_revenue":0.0,"operational_cost":331.08,"carbon_saved_today":0.0,"social_impact_index":10,"governance_compliance":"Partial"},{"timestamp":"2025-03-15T09:00:00.000","hourly_revenue":0.0,"operational_cost":281.52,"carbon_saved_today":0.0,"social_impact_index":10,"governance_compliance":"Partial"},{"timestamp":"2025-03-15T10:00:00.000","hourly_revenue":0.0,"operational_cost":318.86,"carbon_saved_today":0.0,"social_impact_index":10,"governance_compliance":"Partial"},{"timestamp":"2025-03-15T11:00:00.000","hourly_revenue":0.0,"operational_cost":298.54,"carbon_saved_today":0.0,"social_impact_index":10,"governance_compliance":"Partial"},{"timestamp":"2025-03-15T12:00:00.000","hourly_revenue":0.0,"operational_cost":356.3,"carbon_saved_today":0.0,"social_impact_index":10,"governance_compliance":"Partial"},{"timestamp":"2025-03-15T13:00:00.000","hourly_revenue":0.0,"operational_cost":297.43,"carbon_saved_today":0.0,"social_impact_index":10,"governance_compliance":"Partial"},{"timestamp":"2025-03-15T14:00:00.000","hourly_revenue":0.0,"operational_cost":211.35,"carbon_saved_today":0.0,"social_impact_index":10,"governance_compliance":"Partial"},{"timestamp":"2025-03-15T15:00:00.000","hourly_revenue":0.0,"operational_cost":363.1,"carbon_saved_today":0.0,"social_impact_index":10,"governance_compliance":"Partial"},{"timestamp":"2025-03-15T16:00:00.000","hourly_revenue":0.0,"operational_cost":254.71,"carbon_saved_today":0.0,"social_impact_index":10,"governance_compliance":"Partial"},{"timestamp":"2025-03-15T17:00:00.000","hourly_revenue":0.0,"operational_cost":267.31,"carbon_saved_today":0.0,"social_impact_index":10,"governance_compliance":"Partial"},{"timestamp":"2025-03-15T18:00:00.000","hourly_revenue":0.0,"operational_cost":270.22,"carbon_saved_today":0.0,"social_impact_index":10,"governance_compliance":"Partial"},{"timestamp":"2025-03-15T19:00:00.000","hourly_revenue":0.0,"operational_cost":368.72,"carbon_saved_today":0.0,"social_impact_index":10,"governance_compliance":"Partial"},{"timestamp":"2025-03-15T20:00:00.000","hourly_revenue":0.0,"operational_cost":193.22,"carbon_saved_today":0.0,"social_impact_index":10,"governance_compliance":"Partial"},{"timestamp":"2025-03-15T21:00:00.000","hourly_revenue":0.0,"operational_cost":456.89,"carbon_saved_today":0.0,"social_impact_index":10,"governance_compliance":"Partial"},{"timestamp":"2025-03-15T22:00:00.000","hourly_revenue":0.0,"operational_cost":352.8,"carbon_saved_today":0.0,"social_impact_index":10,"governance_compliance":"Partial"},{"timestamp":"2025-03-15T23:00:00.000","hourly_revenue":0.0,"operational_cost":311.16,"carbon_saved_today":0.0,"social_impact_index":10,"governance_compliance":"Partial"},{"timestamp":"2025-03-16T00:00:00.000","hourly_revenue":0.0,"operational_cost":297.26,"carbon_saved_today":0.0,"social_impact_index":10,"governance_compliance":"Compliant"},{"timestamp":"2025-03-16T01:00:00.000","hourly_revenue":0.0,"operational_cost":314.28,"carbon_saved_today":0.0,"social_impact_index":10,"governance_compliance":"Compliant"},{"timestamp":"2025-03-16T02:00:00.000","hourly_revenue":0.0,"operational_cost":326.06,"carbon_saved_today":0.0,"social_impact_index":10,"governance_compliance":"Non-Compliant"},{"timestamp":"2025-03-16T03:00:00.000","hourly_revenue":0.0,"operational_cost":332.26,"carbon_saved_today":0.0,"social_impact_index":10,"governance_compliance":"Compliant"},{"timestamp":"2025-03-16T04:00:00.000","hourly_revenue":0.0,"operational_cost":327.78,"carbon_saved_today":0.0,"social_impact_index":10,"governance_compliance":"Compliant"},{"timestamp":"2025-03-16T05:00:00.000","hourly_revenue":0.0,"operational_cost":304.48,"carbon_saved_today":0.0,"social_impact_index":10,"governance_compliance":"Compliant"},{"timestamp":"2025-03-16T06:00:00.000","hourly_revenue":0.0,"operational_cost":290.13,"carbon_saved_today":0.0,"social_impact_index":10,"governance_compliance":"Compliant"},{"timestamp":"2025-03-16T07:00:00.000","hourly_revenue":597.0527644265,"operational_cost":292.44,"carbon_saved_today":80.01,"social_impact_index":10,"governance_compliance":"Compliant"},{"timestamp":"2025-03-16T08:00:00.000","hourly_revenue":1245.2525710003,"operational_cost":290.25,"carbon_saved_today":166.86,"social_impact_index":10,"governance_compliance":"Compliant"},{"timestamp":"2025-03-16T09:00:00.000","hourly_revenue":1352.4249291613,"operational_cost":356.69,"carbon_saved_today":181.22,"social_impact_index":10,"governance_compliance":"Compliant"},{"timestamp":"2025-03-16T10:00:00.000","hourly_revenue":1621.2152186405,"operational_cost":329.68,"carbon_saved_today":217.24,"social_impact_index":10,"governance_compliance":"Compliant"},{"timestamp":"2025-03-16T11:00:00.000","hourly_revenue":2198.8460700799,"operational_cost":152.98,"carbon_saved_today":294.65,"social_impact_index":10,"governance_compliance":"Compliant"},{"timestamp":"2025-03-16T12:00:00.000","hourly_revenue":1840.803540253,"operational_cost":332.8,"carbon_saved_today":246.67,"social_impact_index":10,"governance_compliance":"Compliant"},{"timestamp":"2025-03-16T13:00:00.000","hourly_revenue":2347.9312782418,"operational_cost":309.74,"carbon_saved_today":314.62,"social_impact_index":10,"governance_compliance":"Compliant"},{"timestamp":"2025-03-16T14:00:00.000","hourly_revenue":2042.4453557052,"operational_cost":299.06,"carbon_saved_today":273.69,"social_impact_index":10,"governance_compliance":"Compliant"},{"timestamp":"2025-03-16T15:00:00.000","hourly_revenue":1364.0047576252,"operational_cost":280.57,"carbon_saved_today":182.78,"social_impact_index":10,"governance_compliance":"Compliant"},{"timestamp":"2025-03-16T16:00:00.000","hourly_revenue":1125.4355338957,"operational_cost":356.21,"carbon_saved_today":150.81,"social_impact_index":10,"governance_compliance":"Compliant"},{"timestamp":"2025-03-16T17:00:00.000","hourly_revenue":583.5186338133,"operational_cost":347.38,"carbon_saved_today":78.19,"social_impact_index":10,"governance_compliance":"Compliant"},{"timestamp":"2025-03-16T18:00:00.000","hourly_revenue":0.0,"operational_cost":261.36,"carbon_saved_today":0.0,"social_impact_index":10,"governance_compliance":"Compliant"},{"timestamp":"2025-03-16T19:00:00.000","hourly_revenue":0.0,"operational_cost":320.35,"carbon_saved_today":0.0,"social_impact_index":10,"governance_compliance":"Compliant"},{"timestamp":"2025-03-16T20:00:00.000","hourly_revenue":0.0,"operational_cost":251.42,"carbon_saved_today":0.0,"social_impact_index":10,"governance_compliance":"Compliant"},{"timestamp":"2025-03-16T21:00:00.000","hourly_revenue":0.0,"operational_cost":231.02,"carbon_saved_today":0.0,"social_impact_index":10,"governance_compliance":"Compliant"},{"timestamp":"2025-03-16T22:00:00.000","hourly_revenue":0.0,"operational_cost":268.66,"carbon_saved_today":0.0,"social_impact_index":10,"governance_compliance":"Compliant"},{"timestamp":"2025-03-16T23:00:00.000","hourly_revenue":0.0,"operational_cost":343.12,"carbon_saved_today":0.0,"social_impact_index":10,"governance_compliance":"Compliant"},{"timestamp":"2025-03-17T00:00:00.000","hourly_revenue":0.0,"operational_cost":347.66,"carbon_saved_today":0.0,"social_impact_index":8,"governance_compliance":"Compliant"},{"timestamp":"2025-03-17T01:00:00.000","hourly_revenue":0.0,"operational_cost":325.65,"carbon_saved_today":0.0,"social_impact_index":8,"governance_compliance":"Compliant"},{"timestamp":"2025-03-17T02:00:00.000","hourly_revenue":0.0,"operational_cost":336.25,"carbon_saved_today":0.0,"social_impact_index":8,"governance_compliance":"Compliant"},{"timestamp":"2025-03-17T03:00:00.000","hourly_revenue":0.0,"operational_cost":325.81,"carbon_saved_today":0.0,"social_impact_index":8,"governance_compliance":"Compliant"},{"timestamp":"2025-03-17T04:00:00.000","hourly_revenue":0.0,"operational_cost":267.93,"carbon_saved_today":0.0,"social_impact_index":8,"governance_compliance":"Compliant"},{"timestamp":"2025-03-17T05:00:00.000","hourly_revenue":0.0,"operational_cost":321.6,"carbon_saved_today":0.0,"social_impact_index":8,"governance_compliance":"Compliant"},{"timestamp":"2025-03-17T06:00:00.000","hourly_revenue":0.0,"operational_cost":340.02,"carbon_saved_today":0.0,"social_impact_index":8,"governance_compliance":"Compliant"},{"timestamp":"2025-03-17T07:00:00.000","hourly_revenue":536.6452142835,"operational_cost":337.71,"carbon_saved_today":71.91,"social_impact_index":8,"governance_compliance":"Compliant"},{"timestamp":"2025-03-17T08:00:00.000","hourly_revenue":1065.9186060849,"operational_cost":359.45,"carbon_saved_today":142.83,"social_impact_index":8,"governance_compliance":"Compliant"},{"timestamp":"2025-03-17T09:00:00.000","hourly_revenue":1377.7590413634,"operational_cost":335.42,"carbon_saved_today":184.62,"social_impact_index":8,"governance_compliance":"Compliant"},{"timestamp":"2025-03-17T10:00:00.000","hourly_revenue":1552.9660826304,"operational_cost":317.57,"carbon_saved_today":208.1,"social_impact_index":8,"governance_compliance":"Compliant"},{"timestamp":"2025-03-17T11:00:00.000","hourly_revenue":1766.354311992,"operational_cost":353.51,"carbon_saved_today":236.69,"social_impact_index":8,"governance_compliance":"Compliant"},{"timestamp":"2025-03-17T12:00:00.000","hourly_revenue":2172.518456077,"operational_cost":298.67,"carbon_saved_today":291.12,"social_impact_index":8,"governance_compliance":"Compliant"},{"timestamp":"2025-03-17T13:00:00.000","hourly_revenue":2175.6267284595,"operational_cost":255.91,"carbon_saved_today":291.53,"social_impact_index":8,"governance_compliance":"Non-Compliant"},{"timestamp":"2025-03-17T14:00:00.000","hourly_revenue":1984.5656666466,"operational_cost":291.85,"carbon_saved_today":265.93,"social_impact_index":8,"governance_compliance":"Non-Compliant"},{"timestamp":"2025-03-17T15:00:00.000","hourly_revenue":1619.0045150978,"operational_cost":262.75,"carbon_saved_today":216.95,"social_impact_index":8,"governance_compliance":"Compliant"},{"timestamp":"2025-03-17T16:00:00.000","hourly_revenue":795.6030515243,"operational_cost":266.24,"carbon_saved_today":106.61,"social_impact_index":8,"governance_compliance":"Compliant"},{"timestamp":"2025-03-17T17:00:00.000","hourly_revenue":516.1939587962,"operational_cost":292.77,"carbon_saved_today":69.17,"social_impact_index":8,"governance_compliance":"Compliant"},{"timestamp":"2025-03-17T18:00:00.000","hourly_revenue":0.0,"operational_cost":260.38,"carbon_saved_today":0.0,"social_impact_index":8,"governance_compliance":"Compliant"},{"timestamp":"2025-03-17T19:00:00.000","hourly_revenue":0.0,"operational_cost":284.6,"carbon_saved_today":0.0,"social_impact_index":8,"governance_compliance":"Compliant"},{"timestamp":"2025-03-17T20:00:00.000","hourly_revenue":0.0,"operational_cost":205.32,"carbon_saved_today":0.0,"social_impact_index":8,"governance_compliance":"Compliant"},{"timestamp":"2025-03-17T21:00:00.000","hourly_revenue":0.0,"operational_cost":310.66,"carbon_saved_today":0.0,"social_impact_index":8,"governance_compliance":"Compliant"},{"timestamp":"2025-03-17T22:00:00.000","hourly_revenue":0.0,"operational_cost":300.06,"carbon_saved_today":0.0,"social_impact_index":8,"governance_compliance":"Compliant"},{"timestamp":"2025-03-17T23:00:00.000","hourly_revenue":0.0,"operational_cost":259.15,"carbon_saved_today":0.0,"social_impact_index":8,"governance_compliance":"Compliant"},{"timestamp":"2025-03-18T00:00:00.000","hourly_revenue":0.0,"operational_cost":332.96,"carbon_saved_today":0.0,"social_impact_index":8,"governance_compliance":"Compliant"},{"timestamp":"2025-03-18T01:00:00.000","hourly_revenue":0.0,"operational_cost":346.88,"carbon_saved_today":0.0,"social_impact_index":8,"governance_compliance":"Compliant"},{"timestamp":"2025-03-18T02:00:00.000","hourly_revenue":0.0,"operational_cost":219.62,"carbon_saved_today":0.0,"social_impact_index":8,"governance_compliance":"Compliant"},{"timestamp":"2025-03-18T03:00:00.000","hourly_revenue":0.0,"operational_cost":261.86,"carbon_saved_today":0.0,"social_impact_index":8,"governance_compliance":"Compliant"},{"timestamp":"2025-03-18T04:00:00.000","hourly_revenue":0.0,"operational_cost":261.54,"carbon_saved_today":0.0,"social_impact_index":8,"governance_compliance":"Compliant"},{"timestamp":"2025-03-18T05:00:00.000","hourly_revenue":0.0,"operational_cost":253.0,"carbon_saved_today":0.0,"social_impact_index":8,"governance_compliance":"Compliant"},{"timestamp":"2025-03-18T06:00:00.000","hourly_revenue":0.0,"operational_cost":341.47,"carbon_saved_today":0.0,"social_impact_index":8,"governance_compliance":"Compliant"},{"timestamp":"2025-03-18T07:00:00.000","hourly_revenue":600.9416034072,"operational_cost":290.31,"carbon_saved_today":80.53,"social_impact_index":8,"governance_compliance":"Compliant"},{"timestamp":"2025-03-18T08:00:00.000","hourly_revenue":1103.1211135782,"operational_cost":286.77,"carbon_saved_today":147.82,"social_impact_index":8,"governance_compliance":"Compliant"},{"timestamp":"2025-03-18T09:00:00.000","hourly_revenue":1118.182446213,"operational_cost":199.81,"carbon_saved_today":149.84,"social_impact_index":8,"governance_compliance":"Compliant"},{"timestamp":"2025-03-18T10:00:00.000","hourly_revenue":1372.5097212734,"operational_cost":331.77,"carbon_saved_today":183.92,"social_impact_index":8,"governance_compliance":"Compliant"},{"timestamp":"2025-03-18T11:00:00.000","hourly_revenue":2401.9093895468,"operational_cost":238.04,"carbon_saved_today":321.86,"social_impact_index":8,"governance_compliance":"Compliant"},{"timestamp":"2025-03-18T12:00:00.000","hourly_revenue":1874.2707957561,"operational_cost":303.0,"carbon_saved_today":251.15,"social_impact_index":8,"governance_compliance":"Compliant"},{"timestamp":"2025-03-18T13:00:00.000","hourly_revenue":1806.9015615967,"operational_cost":313.87,"carbon_saved_today":242.12,"social_impact_index":8,"governance_compliance":"Compliant"},{"timestamp":"2025-03-18T14:00:00.000","hourly_revenue":2002.9431791067,"operational_cost":368.03,"carbon_saved_today":268.39,"social_impact_index":8,"governance_compliance":"Non-Compliant"},{"timestamp":"2025-03-18T15:00:00.000","hourly_revenue":1730.4660643173,"operational_cost":234.56,"carbon_saved_today":231.88,"social_impact_index":8,"governance_compliance":"Compliant"},{"timestamp":"2025-03-18T16:00:00.000","hourly_revenue":1243.0005319114,"operational_cost":149.02,"carbon_saved_today":166.56,"social_impact_index":8,"governance_compliance":"Compliant"},{"timestamp":"2025-03-18T17:00:00.000","hourly_revenue":583.2171901636,"operational_cost":309.19,"carbon_saved_today":78.15,"social_impact_index":8,"governance_compliance":"Compliant"},{"timestamp":"2025-03-18T18:00:00.000","hourly_revenue":0.0,"operational_cost":390.03,"carbon_saved_today":0.0,"social_impact_index":8,"governance_compliance":"Compliant"},{"timestamp":"2025-03-18T19:00:00.000","hourly_revenue":0.0,"operational_cost":361.95,"carbon_saved_today":0.0,"social_impact_index":8,"governance_compliance":"Compliant"},{"timestamp":"2025-03-18T20:00:00.000","hourly_revenue":0.0,"operational_cost":310.48,"carbon_saved_today":0.0,"social_impact_index":8,"governance_compliance":"Compliant"},{"timestamp":"2025-03-18T21:00:00.000","hourly_revenue":0.0,"operational_cost":275.42,"carbon_saved_today":0.0,"social_impact_index":8,"governance_compliance":"Compliant"},{"timestamp":"2025-03-18T22:00:00.000","hourly_revenue":0.0,"operational_cost":340.36,"carbon_saved_today":0.0,"social_impact_index":8,"governance_compliance":"Compliant"},{"timestamp":"2025-03-18T23:00:00.000","hourly_revenue":0.0,"operational_cost":251.32,"carbon_saved_today":0.0,"social_impact_index":8,"governance_compliance":"Compliant"},{"timestamp":"2025-03-19T00:00:00.000","hourly_revenue":0.0,"operational_cost":323.82,"carbon_saved_today":0.0,"social_impact_index":5,"governance_compliance":"Compliant"},{"timestamp":"2025-03-19T01:00:00.000","hourly_revenue":0.0,"operational_cost":325.27,"carbon_saved_today":0.0,"social_impact_index":5,"governance_compliance":"Compliant"},{"timestamp":"2025-03-19T02:00:00.000","hourly_revenue":0.0,"operational_cost":353.01,"carbon_saved_today":0.0,"social_impact_index":5,"governance_compliance":"Compliant"},{"timestamp":"2025-03-19T03:00:00.000","hourly_revenue":0.0,"operational_cost":437.98,"carbon_saved_today":0.0,"social_impact_index":5,"governance_compliance":"Compliant"},{"timestamp":"2025-03-19T04:00:00.000","hourly_revenue":0.0,"operational_cost":319.62,"carbon_saved_today":0.0,"social_impact_index":5,"governance_compliance":"Compliant"},{"timestamp":"2025-03-19T05:00:00.000","hourly_revenue":0.0,"operational_cost":274.55,"carbon_saved_today":0.0,"social_impact_index":5,"governance_compliance":"Compliant"},{"timestamp":"2025-03-19T06:00:00.000","hourly_revenue":0.0,"operational_cost":298.72,"carbon_saved_today":0.0,"social_impact_index":5,"governance_compliance":"Compliant"},{"timestamp":"2025-03-19T07:00:00.000","hourly_revenue":556.2565581182,"operational_cost":211.55,"carbon_saved_today":74.54,"social_impact_index":5,"governance_compliance":"Compliant"},{"timestamp":"2025-03-19T08:00:00.000","hourly_revenue":1123.0224396327,"operational_cost":265.26,"carbon_saved_today":150.49,"social_impact_index":5,"governance_compliance":"Compliant"},{"timestamp":"2025-03-19T09:00:00.000","hourly_revenue":1473.1641815124,"operational_cost":279.54,"carbon_saved_today":197.4,"social_impact_index":5,"governance_compliance":"Compliant"},{"timestamp":"2025-03-19T10:00:00.000","hourly_revenue":1492.6127828357,"operational_cost":273.8,"carbon_saved_today":200.01,"social_impact_index":5,"governance_compliance":"Compliant"},{"timestamp":"2025-03-19T11:00:00.000","hourly_revenue":1267.690139598,"operational_cost":307.62,"carbon_saved_today":169.87,"social_impact_index":5,"governance_compliance":"Compliant"},{"timestamp":"2025-03-19T12:00:00.000","hourly_revenue":1249.9984603973,"operational_cost":258.88,"carbon_saved_today":167.5,"social_impact_index":5,"governance_compliance":"Compliant"},{"timestamp":"2025-03-19T13:00:00.000","hourly_revenue":1601.5237490308,"operational_cost":356.05,"carbon_saved_today":214.6,"social_impact_index":5,"governance_compliance":"Compliant"},{"timestamp":"2025-03-19T14:00:00.000","hourly_revenue":1044.8744474105,"operational_cost":300.01,"carbon_saved_today":140.01,"social_impact_index":5,"governance_compliance":"Compliant"},{"timestamp":"2025-03-19T15:00:00.000","hourly_revenue":1219.232952847,"operational_cost":299.53,"carbon_saved_today":163.38,"social_impact_index":5,"governance_compliance":"Compliant"},{"timestamp":"2025-03-19T16:00:00.000","hourly_revenue":756.0772373449,"operational_cost":283.61,"carbon_saved_today":101.31,"social_impact_index":5,"governance_compliance":"Compliant"},{"timestamp":"2025-03-19T17:00:00.000","hourly_revenue":639.2516794474,"operational_cost":307.76,"carbon_saved_today":85.66,"social_impact_index":5,"governance_compliance":"Compliant"},{"timestamp":"2025-03-19T18:00:00.000","hourly_revenue":0.0,"operational_cost":341.25,"carbon_saved_today":0.0,"social_impact_index":5,"governance_compliance":"Compliant"},{"timestamp":"2025-03-19T19:00:00.000","hourly_revenue":0.0,"operational_cost":256.64,"carbon_saved_today":0.0,"social_impact_index":5,"governance_compliance":"Compliant"},{"timestamp":"2025-03-19T20:00:00.000","hourly_revenue":0.0,"operational_cost":267.09,"carbon_saved_today":0.0,"social_impact_index":5,"governance_compliance":"Compliant"},{"timestamp":"2025-03-19T21:00:00.000","hourly_revenue":0.0,"operational_cost":284.81,"carbon_saved_today":0.0,"social_impact_index":5,"governance_compliance":"Non-Compliant"},{"timestamp":"2025-03-19T22:00:00.000","hourly_revenue":0.0,"operational_cost":232.71,"carbon_saved_today":0.0,"social_impact_index":5,"governance_compliance":"Compliant"},{"timestamp":"2025-03-19T23:00:00.000","hourly_revenue":0.0,"operational_cost":259.04,"carbon_saved_today":0.0,"social_impact_index":5,"governance_compliance":"Compliant"},{"timestamp":"2025-03-20T00:00:00.000","hourly_revenue":0.0,"operational_cost":276.19,"carbon_saved_today":0.0,"social_impact_index":8,"governance_compliance":"Compliant"},{"timestamp":"2025-03-20T01:00:00.000","hourly_revenue":0.0,"operational_cost":343.72,"carbon_saved_today":0.0,"social_impact_index":8,"governance_compliance":"Compliant"},{"timestamp":"2025-03-20T02:00:00.000","hourly_revenue":0.0,"operational_cost":313.13,"carbon_saved_today":0.0,"social_impact_index":8,"governance_compliance":"Compliant"},{"timestamp":"2025-03-20T03:00:00.000","hourly_revenue":0.0,"operational_cost":309.68,"carbon_saved_today":0.0,"social_impact_index":8,"governance_compliance":"Compliant"},{"timestamp":"2025-03-20T04:00:00.000","hourly_revenue":0.0,"operational_cost":342.54,"carbon_saved_today":0.0,"social_impact_index":8,"governance_compliance":"Compliant"},{"timestamp":"2025-03-20T05:00:00.000","hourly_revenue":0.0,"operational_cost":293.13,"carbon_saved_today":0.0,"social_impact_index":8,"governance_compliance":"Compliant"},{"timestamp":"2025-03-20T06:00:00.000","hourly_revenue":0.0,"operational_cost":319.52,"carbon_saved_today":0.0,"social_impact_index":8,"governance_compliance":"Compliant"},{"timestamp":"2025-03-20T07:00:00.000","hourly_revenue":621.4654234155,"operational_cost":294.84,"carbon_saved_today":83.28,"social_impact_index":8,"governance_compliance":"Compliant"},{"timestamp":"2025-03-20T08:00:00.000","hourly_revenue":772.7231901707,"operational_cost":313.27,"carbon_saved_today":103.54,"social_impact_index":8,"governance_compliance":"Compliant"},{"timestamp":"2025-03-20T09:00:00.000","hourly_revenue":1259.3311484043,"operational_cost":270.86,"carbon_saved_today":168.75,"social_impact_index":8,"governance_compliance":"Compliant"},{"timestamp":"2025-03-20T10:00:00.000","hourly_revenue":2122.1185949354,"operational_cost":178.06,"carbon_saved_today":284.36,"social_impact_index":8,"governance_compliance":"Compliant"},{"timestamp":"2025-03-20T11:00:00.000","hourly_revenue":2308.8175205037,"operational_cost":293.29,"carbon_saved_today":309.38,"social_impact_index":8,"governance_compliance":"Compliant"},{"timestamp":"2025-03-20T12:00:00.000","hourly_revenue":1955.6567527857,"operational_cost":371.14,"carbon_saved_today":262.06,"social_impact_index":8,"governance_compliance":"Compliant"},{"timestamp":"2025-03-20T13:00:00.000","hourly_revenue":2047.8908313738,"operational_cost":346.31,"carbon_saved_today":274.42,"social_impact_index":8,"governance_compliance":"Compliant"},{"timestamp":"2025-03-20T14:00:00.000","hourly_revenue":1539.2572566701,"operational_cost":348.27,"carbon_saved_today":206.26,"social_impact_index":8,"governance_compliance":"Compliant"},{"timestamp":"2025-03-20T15:00:00.000","hourly_revenue":1193.6819195052,"operational_cost":361.81,"carbon_saved_today":159.95,"social_impact_index":8,"governance_compliance":"Compliant"},{"timestamp":"2025-03-20T16:00:00.000","hourly_revenue":981.84920247,"operational_cost":304.43,"carbon_saved_today":131.57,"social_impact_index":8,"governance_compliance":"Compliant"},{"timestamp":"2025-03-20T17:00:00.000","hourly_revenue":479.6828538963,"operational_cost":309.87,"carbon_saved_today":64.28,"social_impact_index":8,"governance_compliance":"Compliant"},{"timestamp":"2025-03-20T18:00:00.000","hourly_revenue":0.0,"operational_cost":269.12,"carbon_saved_today":0.0,"social_impact_index":8,"governance_compliance":"Compliant"},{"timestamp":"2025-03-20T19:00:00.000","hourly_revenue":0.0,"operational_cost":284.2,"carbon_saved_today":0.0,"social_impact_index":8,"governance_compliance":"Compliant"},{"timestamp":"2025-03-20T20:00:00.000","hourly_revenue":0.0,"operational_cost":330.79,"carbon_saved_today":0.0,"social_impact_index":8,"governance_compliance":"Compliant"},{"timestamp":"2025-03-20T21:00:00.000","hourly_revenue":0.0,"operational_cost":360.19,"carbon_saved_today":0.0,"social_impact_index":8,"governance_compliance":"Compliant"},{"timestamp":"2025-03-20T22:00:00.000","hourly_revenue":0.0,"operational_cost":293.03,"carbon_saved_today":0.0,"social_impact_index":8,"governance_compliance":"Compliant"},{"timestamp":"2025-03-20T23:00:00.000","hourly_revenue":0.0,"operational_cost":277.49,"carbon_saved_today":0.0,"social_impact_index":8,"governance_compliance":"Compliant"},{"timestamp":"2025-03-21T00:00:00.000","hourly_revenue":0.0,"operational_cost":300.03,"carbon_saved_today":0.0,"social_impact_index":8,"governance_compliance":"Compliant"},{"timestamp":"2025-03-21T01:00:00.000","hourly_revenue":0.0,"operational_cost":330.06,"carbon_saved_today":0.0,"social_impact_index":8,"governance_compliance":"Compliant"},{"timestamp":"2025-03-21T02:00:00.000","hourly_revenue":0.0,"operational_cost":227.81,"carbon_saved_today":0.0,"social_impact_index":8,"governance_compliance":"Compliant"},{"timestamp":"2025-03-21T03:00:00.000","hourly_revenue":0.0,"operational_cost":185.19,"carbon_saved_today":0.0,"social_impact_index":8,"governance_compliance":"Compliant"},{"timestamp":"2025-03-21T04:00:00.000","hourly_revenue":0.0,"operational_cost":272.47,"carbon_saved_today":0.0,"social_impact_index":8,"governance_compliance":"Compliant"},{"timestamp":"2025-03-21T05:00:00.000","hourly_revenue":0.0,"operational_cost":238.96,"carbon_saved_today":0.0,"social_impact_index":8,"governance_compliance":"Compliant"},{"timestamp":"2025-03-21T06:00:00.000","hourly_revenue":0.0,"operational_cost":274.59,"carbon_saved_today":0.0,"social_impact_index":8,"governance_compliance":"Compliant"},{"timestamp":"2025-03-21T07:00:00.000","hourly_revenue":576.0585978271,"operational_cost":292.61,"carbon_saved_today":77.19,"social_impact_index":8,"governance_compliance":"Compliant"},{"timestamp":"2025-03-21T08:00:00.000","hourly_revenue":1056.7075979679,"operational_cost":277.34,"carbon_saved_today":141.6,"social_impact_index":8,"governance_compliance":"Compliant"},{"timestamp":"2025-03-21T09:00:00.000","hourly_revenue":1356.402658925,"operational_cost":372.62,"carbon_saved_today":181.76,"social_impact_index":8,"governance_compliance":"Non-Compliant"},{"timestamp":"2025-03-21T10:00:00.000","hourly_revenue":2106.8046670946,"operational_cost":316.34,"carbon_saved_today":282.31,"social_impact_index":8,"governance_compliance":"Compliant"},{"timestamp":"2025-03-21T11:00:00.000","hourly_revenue":2285.4422175184,"operational_cost":315.02,"carbon_saved_today":306.25,"social_impact_index":8,"governance_compliance":"Compliant"},{"timestamp":"2025-03-21T12:00:00.000","hourly_revenue":1545.2186701062,"operational_cost":331.11,"carbon_saved_today":207.06,"social_impact_index":8,"governance_compliance":"Non-Compliant"},{"timestamp":"2025-03-21T13:00:00.000","hourly_revenue":1474.3572810616,"operational_cost":243.06,"carbon_saved_today":197.56,"social_impact_index":8,"governance_compliance":"Compliant"},{"timestamp":"2025-03-21T14:00:00.000","hourly_revenue":1625.0649449873,"operational_cost":351.96,"carbon_saved_today":217.76,"social_impact_index":8,"governance_compliance":"Compliant"},{"timestamp":"2025-03-21T15:00:00.000","hourly_revenue":1633.807928489,"operational_cost":296.21,"carbon_saved_today":218.93,"social_impact_index":8,"governance_compliance":"Compliant"},{"timestamp":"2025-03-21T16:00:00.000","hourly_revenue":1243.6380646575,"operational_cost":333.52,"carbon_saved_today":166.65,"social_impact_index":8,"governance_compliance":"Compliant"},{"timestamp":"2025-03-21T17:00:00.000","hourly_revenue":427.1593237765,"operational_cost":246.41,"carbon_saved_today":57.24,"social_impact_index":8,"governance_compliance":"Compliant"},{"timestamp":"2025-03-21T18:00:00.000","hourly_revenue":0.0,"operational_cost":222.31,"carbon_saved_today":0.0,"social_impact_index":8,"governance_compliance":"Compliant"},{"timestamp":"2025-03-21T19:00:00.000","hourly_revenue":0.0,"operational_cost":340.89,"carbon_saved_today":0.0,"social_impact_index":8,"governance_compliance":"Compliant"},{"timestamp":"2025-03-21T20:00:00.000","hourly_revenue":0.0,"operational_cost":318.82,"carbon_saved_today":0.0,"social_impact_index":8,"governance_compliance":"Compliant"},{"timestamp":"2025-03-21T21:00:00.000","hourly_revenue":0.0,"operational_cost":254.9,"carbon_saved_today":0.0,"social_impact_index":8,"governance_compliance":"Compliant"},{"timestamp":"2025-03-21T22:00:00.000","hourly_revenue":0.0,"operational_cost":256.52,"carbon_saved_today":0.0,"social_impact_index":8,"governance_compliance":"Compliant"},{"timestamp":"2025-03-21T23:00:00.000","hourly_revenue":0.0,"operational_cost":356.27,"carbon_saved_today":0.0,"social_impact_index":8,"governance_compliance":"Compliant"},{"timestamp":"2025-03-22T00:00:00.000","hourly_revenue":0.0,"operational_cost":240.53,"carbon_saved_today":0.0,"social_impact_index":10,"governance_compliance":"Compliant"},{"timestamp":"2025-03-22T01:00:00.000","hourly_revenue":0.0,"operational_cost":382.13,"carbon_saved_today":0.0,"social_impact_index":10,"governance_compliance":"Compliant"},{"timestamp":"2025-03-22T02:00:00.000","hourly_revenue":0.0,"operational_cost":254.97,"carbon_saved_today":0.0,"social_impact_index":10,"governance_compliance":"Compliant"},{"timestamp":"2025-03-22T03:00:00.000","hourly_revenue":0.0,"operational_cost":331.92,"carbon_saved_today":0.0,"social_impact_index":10,"governance_compliance":"Compliant"},{"timestamp":"2025-03-22T04:00:00.000","hourly_revenue":0.0,"operational_cost":283.57,"carbon_saved_today":0.0,"social_impact_index":10,"governance_compliance":"Compliant"},{"timestamp":"2025-03-22T05:00:00.000","hourly_revenue":0.0,"operational_cost":330.16,"carbon_saved_today":0.0,"social_impact_index":10,"governance_compliance":"Compliant"},{"timestamp":"2025-03-22T06:00:00.000","hourly_revenue":0.0,"operational_cost":272.79,"carbon_saved_today":0.0,"social_impact_index":10,"governance_compliance":"Compliant"},{"timestamp":"2025-03-22T07:00:00.000","hourly_revenue":531.9848713175,"operational_cost":291.86,"carbon_saved_today":71.29,"social_impact_index":10,"governance_compliance":"Compliant"},{"timestamp":"2025-03-22T08:00:00.000","hourly_revenue":1134.4937075903,"operational_cost":302.05,"carbon_saved_today":152.02,"social_impact_index":10,"governance_compliance":"Compliant"},{"timestamp":"2025-03-22T09:00:00.000","hourly_revenue":1728.7104260123,"operational_cost":249.89,"carbon_saved_today":231.65,"social_impact_index":10,"governance_compliance":"Compliant"},{"timestamp":"2025-03-22T10:00:00.000","hourly_revenue":2034.8543302625,"operational_cost":337.04,"carbon_saved_today":272.67,"social_impact_index":10,"governance_compliance":"Compliant"},{"timestamp":"2025-03-22T11:00:00.000","hourly_revenue":1687.8086589909,"operational_cost":274.34,"carbon_saved_today":226.17,"social_impact_index":10,"governance_compliance":"Compliant"},{"timestamp":"2025-03-22T12:00:00.000","hourly_revenue":1950.5441353101,"operational_cost":288.57,"carbon_saved_today":261.37,"social_impact_index":10,"governance_compliance":"Compliant"},{"timestamp":"2025-03-22T13:00:00.000","hourly_revenue":1573.6471542368,"operational_cost":250.28,"carbon_saved_today":210.87,"social_impact_index":10,"governance_compliance":"Compliant"},{"timestamp":"2025-03-22T14:00:00.000","hourly_revenue":2125.2705317894,"operational_cost":171.88,"carbon_saved_today":284.79,"social_impact_index":10,"governance_compliance":"Compliant"},{"timestamp":"2025-03-22T15:00:00.000","hourly_revenue":1489.2903663833,"operational_cost":290.45,"carbon_saved_today":199.56,"social_impact_index":10,"governance_compliance":"Compliant"},{"timestamp":"2025-03-22T16:00:00.000","hourly_revenue":864.3214027517,"operational_cost":420.63,"carbon_saved_today":115.82,"social_impact_index":10,"governance_compliance":"Compliant"},{"timestamp":"2025-03-22T17:00:00.000","hourly_revenue":562.0774973864,"operational_cost":339.23,"carbon_saved_today":75.32,"social_impact_index":10,"governance_compliance":"Compliant"},{"timestamp":"2025-03-22T18:00:00.000","hourly_revenue":0.0,"operational_cost":299.04,"carbon_saved_today":0.0,"social_impact_index":10,"governance_compliance":"Compliant"},{"timestamp":"2025-03-22T19:00:00.000","hourly_revenue":0.0,"operational_cost":286.86,"carbon_saved_today":0.0,"social_impact_index":10,"governance_compliance":"Compliant"},{"timestamp":"2025-03-22T20:00:00.000","hourly_revenue":0.0,"operational_cost":301.12,"carbon_saved_today":0.0,"social_impact_index":10,"governance_compliance":"Compliant"},{"timestamp":"2025-03-22T21:00:00.000","hourly_revenue":0.0,"operational_cost":327.36,"carbon_saved_today":0.0,"social_impact_index":10,"governance_compliance":"Compliant"},{"timestamp":"2025-03-22T22:00:00.000","hourly_revenue":0.0,"operational_cost":240.96,"carbon_saved_today":0.0,"social_impact_index":10,"governance_compliance":"Compliant"},{"timestamp":"2025-03-22T23:00:00.000","hourly_revenue":0.0,"operational_cost":355.72,"carbon_saved_today":0.0,"social_impact_index":10,"governance_compliance":"Compliant"},{"timestamp":"2025-03-23T00:00:00.000","hourly_revenue":0.0,"operational_cost":335.77,"carbon_saved_today":0.0,"social_impact_index":7,"governance_compliance":"Non-Compliant"},{"timestamp":"2025-03-23T01:00:00.000","hourly_revenue":0.0,"operational_cost":335.91,"carbon_saved_today":0.0,"social_impact_index":7,"governance_compliance":"Compliant"},{"timestamp":"2025-03-23T02:00:00.000","hourly_revenue":0.0,"operational_cost":321.92,"carbon_saved_today":0.0,"social_impact_index":7,"governance_compliance":"Compliant"},{"timestamp":"2025-03-23T03:00:00.000","hourly_revenue":0.0,"operational_cost":300.98,"carbon_saved_today":0.0,"social_impact_index":7,"governance_compliance":"Compliant"},{"timestamp":"2025-03-23T04:00:00.000","hourly_revenue":0.0,"operational_cost":333.64,"carbon_saved_today":0.0,"social_impact_index":7,"governance_compliance":"Compliant"},{"timestamp":"2025-03-23T05:00:00.000","hourly_revenue":0.0,"operational_cost":329.59,"carbon_saved_today":0.0,"social_impact_index":7,"governance_compliance":"Compliant"},{"timestamp":"2025-03-23T06:00:00.000","hourly_revenue":0.0,"operational_cost":282.3,"carbon_saved_today":0.0,"social_impact_index":7,"governance_compliance":"Compliant"},{"timestamp":"2025-03-23T07:00:00.000","hourly_revenue":395.6780724527,"operational_cost":271.32,"carbon_saved_today":53.02,"social_impact_index":7,"governance_compliance":"Compliant"},{"timestamp":"2025-03-23T08:00:00.000","hourly_revenue":1127.5686278368,"operational_cost":305.09,"carbon_saved_today":151.09,"social_impact_index":7,"governance_compliance":"Compliant"},{"timestamp":"2025-03-23T09:00:00.000","hourly_revenue":1499.2852619766,"operational_cost":377.45,"carbon_saved_today":200.9,"social_impact_index":7,"governance_compliance":"Compliant"},{"timestamp":"2025-03-23T10:00:00.000","hourly_revenue":1336.1523497989,"operational_cost":238.04,"carbon_saved_today":179.04,"social_impact_index":7,"governance_compliance":"Compliant"},{"timestamp":"2025-03-23T11:00:00.000","hourly_revenue":1158.2174261763,"operational_cost":226.62,"carbon_saved_today":155.2,"social_impact_index":7,"governance_compliance":"Non-Compliant"},{"timestamp":"2025-03-23T12:00:00.000","hourly_revenue":1145.4600329107,"operational_cost":308.24,"carbon_saved_today":153.49,"social_impact_index":7,"governance_compliance":"Compliant"},{"timestamp":"2025-03-23T13:00:00.000","hourly_revenue":1024.0564653459,"operational_cost":302.54,"carbon_saved_today":137.22,"social_impact_index":7,"governance_compliance":"Compliant"},{"timestamp":"2025-03-23T14:00:00.000","hourly_revenue":1121.8590864978,"operational_cost":308.67,"carbon_saved_today":150.33,"social_impact_index":7,"governance_compliance":"Compliant"},{"timestamp":"2025-03-23T15:00:00.000","hourly_revenue":1034.4564779476,"operational_cost":312.2,"carbon_saved_today":138.62,"social_impact_index":7,"governance_compliance":"Compliant"},{"timestamp":"2025-03-23T16:00:00.000","hourly_revenue":946.1220225499,"operational_cost":288.84,"carbon_saved_today":126.78,"social_impact_index":7,"governance_compliance":"Compliant"},{"timestamp":"2025-03-23T17:00:00.000","hourly_revenue":501.4554092283,"operational_cost":374.49,"carbon_saved_today":67.2,"social_impact_index":7,"governance_compliance":"Compliant"},{"timestamp":"2025-03-23T18:00:00.000","hourly_revenue":0.0,"operational_cost":219.95,"carbon_saved_today":0.0,"social_impact_index":7,"governance_compliance":"Compliant"},{"timestamp":"2025-03-23T19:00:00.000","hourly_revenue":0.0,"operational_cost":258.58,"carbon_saved_today":0.0,"social_impact_index":7,"governance_compliance":"Compliant"},{"timestamp":"2025-03-23T20:00:00.000","hourly_revenue":0.0,"operational_cost":294.84,"carbon_saved_today":0.0,"social_impact_index":7,"governance_compliance":"Compliant"},{"timestamp":"2025-03-23T21:00:00.000","hourly_revenue":0.0,"operational_cost":217.84,"carbon_saved_today":0.0,"social_impact_index":7,"governance_compliance":"Compliant"},{"timestamp":"2025-03-23T22:00:00.000","hourly_revenue":0.0,"operational_cost":291.21,"carbon_saved_today":0.0,"social_impact_index":7,"governance_compliance":"Compliant"},{"timestamp":"2025-03-23T23:00:00.000","hourly_revenue":0.0,"operational_cost":383.07,"carbon_saved_today":0.0,"social_impact_index":7,"governance_compliance":"Compliant"},{"timestamp":"2025-03-24T00:00:00.000","hourly_revenue":0.0,"operational_cost":301.04,"carbon_saved_today":0.0,"social_impact_index":8,"governance_compliance":"Non-Compliant"},{"timestamp":"2025-03-24T01:00:00.000","hourly_revenue":0.0,"operational_cost":311.54,"carbon_saved_today":0.0,"social_impact_index":8,"governance_compliance":"Compliant"},{"timestamp":"2025-03-24T02:00:00.000","hourly_revenue":0.0,"operational_cost":236.99,"carbon_saved_today":0.0,"social_impact_index":8,"governance_compliance":"Compliant"},{"timestamp":"2025-03-24T03:00:00.000","hourly_revenue":0.0,"operational_cost":269.18,"carbon_saved_today":0.0,"social_impact_index":8,"governance_compliance":"Compliant"},{"timestamp":"2025-03-24T04:00:00.000","hourly_revenue":0.0,"operational_cost":281.24,"carbon_saved_today":0.0,"social_impact_index":8,"governance_compliance":"Compliant"},{"timestamp":"2025-03-24T05:00:00.000","hourly_revenue":0.0,"operational_cost":284.11,"carbon_saved_today":0.0,"social_impact_index":8,"governance_compliance":"Compliant"},{"timestamp":"2025-03-24T06:00:00.000","hourly_revenue":0.0,"operational_cost":364.08,"carbon_saved_today":0.0,"social_impact_index":8,"governance_compliance":"Compliant"},{"timestamp":"2025-03-24T07:00:00.000","hourly_revenue":641.8796629585,"operational_cost":327.88,"carbon_saved_today":86.01,"social_impact_index":8,"governance_compliance":"Compliant"},{"timestamp":"2025-03-24T08:00:00.000","hourly_revenue":996.3090469964,"operational_cost":244.43,"carbon_saved_today":133.51,"social_impact_index":8,"governance_compliance":"Compliant"},{"timestamp":"2025-03-24T09:00:00.000","hourly_revenue":1293.1226647401,"operational_cost":312.33,"carbon_saved_today":173.28,"social_impact_index":8,"governance_compliance":"Compliant"},{"timestamp":"2025-03-24T10:00:00.000","hourly_revenue":1847.5793362937,"operational_cost":324.91,"carbon_saved_today":247.58,"social_impact_index":8,"governance_compliance":"Compliant"},{"timestamp":"2025-03-24T11:00:00.000","hourly_revenue":1680.8515946816,"operational_cost":357.01,"carbon_saved_today":225.23,"social_impact_index":8,"governance_compliance":"Compliant"},{"timestamp":"2025-03-24T12:00:00.000","hourly_revenue":1575.8633281087,"operational_cost":379.03,"carbon_saved_today":211.17,"social_impact_index":8,"governance_compliance":"Compliant"},{"timestamp":"2025-03-24T13:00:00.000","hourly_revenue":1573.3769913121,"operational_cost":249.25,"carbon_saved_today":210.83,"social_impact_index":8,"governance_compliance":"Compliant"},{"timestamp":"2025-03-24T14:00:00.000","hourly_revenue":1409.929055063,"operational_cost":259.46,"carbon_saved_today":188.93,"social_impact_index":8,"governance_compliance":"Compliant"},{"timestamp":"2025-03-24T15:00:00.000","hourly_revenue":1168.0715964429,"operational_cost":237.12,"carbon_saved_today":156.52,"social_impact_index":8,"governance_compliance":"Compliant"},{"timestamp":"2025-03-24T16:00:00.000","hourly_revenue":819.4135863247,"operational_cost":288.3,"carbon_saved_today":109.8,"social_impact_index":8,"governance_compliance":"Non-Compliant"},{"timestamp":"2025-03-24T17:00:00.000","hourly_revenue":554.0991571341,"operational_cost":323.32,"carbon_saved_today":74.25,"social_impact_index":8,"governance_compliance":"Compliant"},{"timestamp":"2025-03-24T18:00:00.000","hourly_revenue":0.0,"operational_cost":349.37,"carbon_saved_today":0.0,"social_impact_index":8,"governance_compliance":"Compliant"},{"timestamp":"2025-03-24T19:00:00.000","hourly_revenue":0.0,"operational_cost":296.2,"carbon_saved_today":0.0,"social_impact_index":8,"governance_compliance":"Compliant"},{"timestamp":"2025-03-24T20:00:00.000","hourly_revenue":0.0,"operational_cost":284.01,"carbon_saved_today":0.0,"social_impact_index":8,"governance_compliance":"Compliant"},{"timestamp":"2025-03-24T21:00:00.000","hourly_revenue":0.0,"operational_cost":307.59,"carbon_saved_today":0.0,"social_impact_index":8,"governance_compliance":"Compliant"},{"timestamp":"2025-03-24T22:00:00.000","hourly_revenue":0.0,"operational_cost":258.24,"carbon_saved_today":0.0,"social_impact_index":8,"governance_compliance":"Non-Compliant"},{"timestamp":"2025-03-24T23:00:00.000","hourly_revenue":0.0,"operational_cost":404.48,"carbon_saved_today":0.0,"social_impact_index":8,"governance_compliance":"Compliant"},{"timestamp":"2025-03-25T00:00:00.000","hourly_revenue":0.0,"operational_cost":219.62,"carbon_saved_today":0.0,"social_impact_index":8,"governance_compliance":"Compliant"},{"timestamp":"2025-03-25T01:00:00.000","hourly_revenue":0.0,"operational_cost":309.24,"carbon_saved_today":0.0,"social_impact_index":8,"governance_compliance":"Compliant"},{"timestamp":"2025-03-25T02:00:00.000","hourly_revenue":0.0,"operational_cost":401.18,"carbon_saved_today":0.0,"social_impact_index":8,"governance_compliance":"Compliant"},{"timestamp":"2025-03-25T03:00:00.000","hourly_revenue":0.0,"operational_cost":300.34,"carbon_saved_today":0.0,"social_impact_index":8,"governance_compliance":"Compliant"},{"timestamp":"2025-03-25T04:00:00.000","hourly_revenue":0.0,"operational_cost":290.5,"carbon_saved_today":0.0,"social_impact_index":8,"governance_compliance":"Compliant"},{"timestamp":"2025-03-25T05:00:00.000","hourly_revenue":0.0,"operational_cost":282.13,"carbon_saved_today":0.0,"social_impact_index":8,"governance_compliance":"Compliant"},{"timestamp":"2025-03-25T06:00:00.000","hourly_revenue":0.0,"operational_cost":290.98,"carbon_saved_today":0.0,"social_impact_index":8,"governance_compliance":"Compliant"},{"timestamp":"2025-03-25T07:00:00.000","hourly_revenue":507.4868883995,"operational_cost":368.64,"carbon_saved_today":68.0,"social_impact_index":8,"governance_compliance":"Compliant"},{"timestamp":"2025-03-25T08:00:00.000","hourly_revenue":853.1668592029,"operational_cost":189.41,"carbon_saved_today":114.32,"social_impact_index":8,"governance_compliance":"Compliant"},{"timestamp":"2025-03-25T09:00:00.000","hourly_revenue":1318.2378607088,"operational_cost":376.67,"carbon_saved_today":176.64,"social_impact_index":8,"governance_compliance":"Compliant"},{"timestamp":"2025-03-25T10:00:00.000","hourly_revenue":1735.0102509408,"operational_cost":228.8,"carbon_saved_today":232.49,"social_impact_index":8,"governance_compliance":"Compliant"},{"timestamp":"2025-03-25T11:00:00.000","hourly_revenue":2115.7589347431,"operational_cost":286.67,"carbon_saved_today":283.51,"social_impact_index":8,"governance_compliance":"Compliant"},{"timestamp":"2025-03-25T12:00:00.000","hourly_revenue":1539.3121398411,"operational_cost":278.54,"carbon_saved_today":206.27,"social_impact_index":8,"governance_compliance":"Compliant"},{"timestamp":"2025-03-25T13:00:00.000","hourly_revenue":2221.0598895439,"operational_cost":329.43,"carbon_saved_today":297.62,"social_impact_index":8,"governance_compliance":"Compliant"},{"timestamp":"2025-03-25T14:00:00.000","hourly_revenue":1842.8157940219,"operational_cost":220.09,"carbon_saved_today":246.94,"social_impact_index":8,"governance_compliance":"Compliant"},{"timestamp":"2025-03-25T15:00:00.000","hourly_revenue":1118.4725376941,"operational_cost":323.11,"carbon_saved_today":149.88,"social_impact_index":8,"governance_compliance":"Compliant"},{"timestamp":"2025-03-25T16:00:00.000","hourly_revenue":1186.7893120534,"operational_cost":401.22,"carbon_saved_today":159.03,"social_impact_index":8,"governance_compliance":"Compliant"},{"timestamp":"2025-03-25T17:00:00.000","hourly_revenue":626.5678830207,"operational_cost":231.84,"carbon_saved_today":83.96,"social_impact_index":8,"governance_compliance":"Compliant"},{"timestamp":"2025-03-25T18:00:00.000","hourly_revenue":0.0,"operational_cost":309.49,"carbon_saved_today":0.0,"social_impact_index":8,"governance_compliance":"Compliant"},{"timestamp":"2025-03-25T19:00:00.000","hourly_revenue":0.0,"operational_cost":266.9,"carbon_saved_today":0.0,"social_impact_index":8,"governance_compliance":"Compliant"},{"timestamp":"2025-03-25T20:00:00.000","hourly_revenue":0.0,"operational_cost":321.29,"carbon_saved_today":0.0,"social_impact_index":8,"governance_compliance":"Compliant"},{"timestamp":"2025-03-25T21:00:00.000","hourly_revenue":0.0,"operational_cost":300.96,"carbon_saved_today":0.0,"social_impact_index":8,"governance_compliance":"Compliant"},{"timestamp":"2025-03-25T22:00:00.000","hourly_revenue":0.0,"operational_cost":267.93,"carbon_saved_today":0.0,"social_impact_index":8,"governance_compliance":"Compliant"},{"timestamp":"2025-03-25T23:00:00.000","hourly_revenue":0.0,"operational_cost":324.39,"carbon_saved_today":0.0,"social_impact_index":8,"governance_compliance":"Compliant"},{"timestamp":"2025-03-26T00:00:00.000","hourly_revenue":0.0,"operational_cost":390.22,"carbon_saved_today":0.0,"social_impact_index":8,"governance_compliance":"Compliant"},{"timestamp":"2025-03-26T01:00:00.000","hourly_revenue":0.0,"operational_cost":290.45,"carbon_saved_today":0.0,"social_impact_index":8,"governance_compliance":"Non-Compliant"},{"timestamp":"2025-03-26T02:00:00.000","hourly_revenue":0.0,"operational_cost":335.99,"carbon_saved_today":0.0,"social_impact_index":8,"governance_compliance":"Compliant"},{"timestamp":"2025-03-26T03:00:00.000","hourly_revenue":0.0,"operational_cost":235.34,"carbon_saved_today":0.0,"social_impact_index":8,"governance_compliance":"Compliant"},{"timestamp":"2025-03-26T04:00:00.000","hourly_revenue":0.0,"operational_cost":252.18,"carbon_saved_today":0.0,"social_impact_index":8,"governance_compliance":"Compliant"},{"timestamp":"2025-03-26T05:00:00.000","hourly_revenue":0.0,"operational_cost":323.62,"carbon_saved_today":0.0,"social_impact_index":8,"governance_compliance":"Non-Compliant"},{"timestamp":"2025-03-26T06:00:00.000","hourly_revenue":0.0,"operational_cost":374.21,"carbon_saved_today":0.0,"social_impact_index":8,"governance_compliance":"Compliant"},{"timestamp":"2025-03-26T07:00:00.000","hourly_revenue":453.5640565375,"operational_cost":317.78,"carbon_saved_today":60.78,"social_impact_index":8,"governance_compliance":"Compliant"},{"timestamp":"2025-03-26T08:00:00.000","hourly_revenue":1106.6747929423,"operational_cost":284.35,"carbon_saved_today":148.29,"social_impact_index":8,"governance_compliance":"Compliant"},{"timestamp":"2025-03-26T09:00:00.000","hourly_revenue":1693.666997273,"operational_cost":299.96,"carbon_saved_today":226.95,"social_impact_index":8,"governance_compliance":"Compliant"},{"timestamp":"2025-03-26T10:00:00.000","hourly_revenue":1742.1637690923,"operational_cost":237.48,"carbon_saved_today":233.45,"social_impact_index":8,"governance_compliance":"Compliant"},{"timestamp":"2025-03-26T11:00:00.000","hourly_revenue":1962.8708973681,"operational_cost":330.23,"carbon_saved_today":263.02,"social_impact_index":8,"governance_compliance":"Non-Compliant"},{"timestamp":"2025-03-26T12:00:00.000","hourly_revenue":1607.1720113398,"operational_cost":344.12,"carbon_saved_today":215.36,"social_impact_index":8,"governance_compliance":"Compliant"},{"timestamp":"2025-03-26T13:00:00.000","hourly_revenue":1881.0558995495,"operational_cost":277.4,"carbon_saved_today":252.06,"social_impact_index":8,"governance_compliance":"Compliant"},{"timestamp":"2025-03-26T14:00:00.000","hourly_revenue":1760.2981889209,"operational_cost":276.5,"carbon_saved_today":235.88,"social_impact_index":8,"governance_compliance":"Compliant"},{"timestamp":"2025-03-26T15:00:00.000","hourly_revenue":1232.1127091377,"operational_cost":313.29,"carbon_saved_today":165.1,"social_impact_index":8,"governance_compliance":"Compliant"},{"timestamp":"2025-03-26T16:00:00.000","hourly_revenue":884.6216154747,"operational_cost":278.16,"carbon_saved_today":118.54,"social_impact_index":8,"governance_compliance":"Compliant"},{"timestamp":"2025-03-26T17:00:00.000","hourly_revenue":485.8768944808,"operational_cost":296.69,"carbon_saved_today":65.11,"social_impact_index":8,"governance_compliance":"Compliant"},{"timestamp":"2025-03-26T18:00:00.000","hourly_revenue":0.0,"operational_cost":404.99,"carbon_saved_today":0.0,"social_impact_index":8,"governance_compliance":"Compliant"},{"timestamp":"2025-03-26T19:00:00.000","hourly_revenue":0.0,"operational_cost":287.65,"carbon_saved_today":0.0,"social_impact_index":8,"governance_compliance":"Compliant"},{"timestamp":"2025-03-26T20:00:00.000","hourly_revenue":0.0,"operational_cost":282.08,"carbon_saved_today":0.0,"social_impact_index":8,"governance_compliance":"Compliant"},{"timestamp":"2025-03-26T21:00:00.000","hourly_revenue":0.0,"operational_cost":267.62,"carbon_saved_today":0.0,"social_impact_index":8,"governance_compliance":"Compliant"},{"timestamp":"2025-03-26T22:00:00.000","hourly_revenue":0.0,"operational_cost":337.21,"carbon_saved_today":0.0,"social_impact_index":8,"governance_compliance":"Non-Compliant"},{"timestamp":"2025-03-26T23:00:00.000","hourly_revenue":0.0,"operational_cost":290.94,"carbon_saved_today":0.0,"social_impact_index":8,"governance_compliance":"Compliant"},{"timestamp":"2025-03-27T00:00:00.000","hourly_revenue":0.0,"operational_cost":267.53,"carbon_saved_today":0.0,"social_impact_index":5,"governance_compliance":"Compliant"},{"timestamp":"2025-03-27T01:00:00.000","hourly_revenue":0.0,"operational_cost":366.07,"carbon_saved_today":0.0,"social_impact_index":5,"governance_compliance":"Compliant"},{"timestamp":"2025-03-27T02:00:00.000","hourly_revenue":0.0,"operational_cost":370.98,"carbon_saved_today":0.0,"social_impact_index":5,"governance_compliance":"Compliant"},{"timestamp":"2025-03-27T03:00:00.000","hourly_revenue":0.0,"operational_cost":269.98,"carbon_saved_today":0.0,"social_impact_index":5,"governance_compliance":"Compliant"},{"timestamp":"2025-03-27T04:00:00.000","hourly_revenue":0.0,"operational_cost":206.67,"carbon_saved_today":0.0,"social_impact_index":5,"governance_compliance":"Compliant"},{"timestamp":"2025-03-27T05:00:00.000","hourly_revenue":0.0,"operational_cost":350.38,"carbon_saved_today":0.0,"social_impact_index":5,"governance_compliance":"Compliant"},{"timestamp":"2025-03-27T06:00:00.000","hourly_revenue":0.0,"operational_cost":265.77,"carbon_saved_today":0.0,"social_impact_index":5,"governance_compliance":"Compliant"},{"timestamp":"2025-03-27T07:00:00.000","hourly_revenue":581.1625005439,"operational_cost":339.53,"carbon_saved_today":77.88,"social_impact_index":5,"governance_compliance":"Compliant"},{"timestamp":"2025-03-27T08:00:00.000","hourly_revenue":965.8297731148,"operational_cost":201.49,"carbon_saved_today":129.42,"social_impact_index":5,"governance_compliance":"Non-Compliant"},{"timestamp":"2025-03-27T09:00:00.000","hourly_revenue":1150.8730690324,"operational_cost":344.63,"carbon_saved_today":154.22,"social_impact_index":5,"governance_compliance":"Compliant"},{"timestamp":"2025-03-27T10:00:00.000","hourly_revenue":1081.3566743562,"operational_cost":239.44,"carbon_saved_today":144.9,"social_impact_index":5,"governance_compliance":"Compliant"},{"timestamp":"2025-03-27T11:00:00.000","hourly_revenue":1259.7195146154,"operational_cost":336.54,"carbon_saved_today":168.8,"social_impact_index":5,"governance_compliance":"Compliant"},{"timestamp":"2025-03-27T12:00:00.000","hourly_revenue":1502.1420689321,"operational_cost":300.71,"carbon_saved_today":201.29,"social_impact_index":5,"governance_compliance":"Compliant"},{"timestamp":"2025-03-27T13:00:00.000","hourly_revenue":1400.1527714992,"operational_cost":252.3,"carbon_saved_today":187.62,"social_impact_index":5,"governance_compliance":"Compliant"},{"timestamp":"2025-03-27T14:00:00.000","hourly_revenue":1125.1988415561,"operational_cost":279.65,"carbon_saved_today":150.78,"social_impact_index":5,"governance_compliance":"Compliant"},{"timestamp":"2025-03-27T15:00:00.000","hourly_revenue":1230.7622557617,"operational_cost":334.32,"carbon_saved_today":164.92,"social_impact_index":5,"governance_compliance":"Non-Compliant"},{"timestamp":"2025-03-27T16:00:00.000","hourly_revenue":1052.8874096784,"operational_cost":305.29,"carbon_saved_today":141.09,"social_impact_index":5,"governance_compliance":"Compliant"},{"timestamp":"2025-03-27T17:00:00.000","hourly_revenue":449.6273793636,"operational_cost":329.22,"carbon_saved_today":60.25,"social_impact_index":5,"governance_compliance":"Compliant"},{"timestamp":"2025-03-27T18:00:00.000","hourly_revenue":0.0,"operational_cost":398.82,"carbon_saved_today":0.0,"social_impact_index":5,"governance_compliance":"Compliant"},{"timestamp":"2025-03-27T19:00:00.000","hourly_revenue":0.0,"operational_cost":221.79,"carbon_saved_today":0.0,"social_impact_index":5,"governance_compliance":"Compliant"},{"timestamp":"2025-03-27T20:00:00.000","hourly_revenue":0.0,"operational_cost":380.86,"carbon_saved_today":0.0,"social_impact_index":5,"governance_compliance":"Compliant"},{"timestamp":"2025-03-27T21:00:00.000","hourly_revenue":0.0,"operational_cost":305.22,"carbon_saved_today":0.0,"social_impact_index":5,"governance_compliance":"Non-Compliant"},{"timestamp":"2025-03-27T22:00:00.000","hourly_revenue":0.0,"operational_cost":255.06,"carbon_saved_today":0.0,"social_impact_index":5,"governance_compliance":"Compliant"},{"timestamp":"2025-03-27T23:00:00.000","hourly_revenue":0.0,"operational_cost":233.48,"carbon_saved_today":0.0,"social_impact_index":5,"governance_compliance":"Compliant"},{"timestamp":"2025-03-28T00:00:00.000","hourly_revenue":0.0,"operational_cost":290.54,"carbon_saved_today":0.0,"social_impact_index":8,"governance_compliance":"Compliant"},{"timestamp":"2025-03-28T01:00:00.000","hourly_revenue":0.0,"operational_cost":346.08,"carbon_saved_today":0.0,"social_impact_index":8,"governance_compliance":"Compliant"},{"timestamp":"2025-03-28T02:00:00.000","hourly_revenue":0.0,"operational_cost":293.62,"carbon_saved_today":0.0,"social_impact_index":8,"governance_compliance":"Compliant"},{"timestamp":"2025-03-28T03:00:00.000","hourly_revenue":0.0,"operational_cost":375.56,"carbon_saved_today":0.0,"social_impact_index":8,"governance_compliance":"Compliant"},{"timestamp":"2025-03-28T04:00:00.000","hourly_revenue":0.0,"operational_cost":227.44,"carbon_saved_today":0.0,"social_impact_index":8,"governance_compliance":"Compliant"},{"timestamp":"2025-03-28T05:00:00.000","hourly_revenue":0.0,"operational_cost":299.4,"carbon_saved_today":0.0,"social_impact_index":8,"governance_compliance":"Non-Compliant"},{"timestamp":"2025-03-28T06:00:00.000","hourly_revenue":0.0,"operational_cost":237.38,"carbon_saved_today":0.0,"social_impact_index":8,"governance_compliance":"Compliant"},{"timestamp":"2025-03-28T07:00:00.000","hourly_revenue":491.2011738875,"operational_cost":318.18,"carbon_saved_today":65.82,"social_impact_index":8,"governance_compliance":"Compliant"},{"timestamp":"2025-03-28T08:00:00.000","hourly_revenue":1234.7352166377,"operational_cost":344.34,"carbon_saved_today":165.45,"social_impact_index":8,"governance_compliance":"Compliant"},{"timestamp":"2025-03-28T09:00:00.000","hourly_revenue":1672.6661296647,"operational_cost":278.96,"carbon_saved_today":224.14,"social_impact_index":8,"governance_compliance":"Compliant"},{"timestamp":"2025-03-28T10:00:00.000","hourly_revenue":2006.6432758415,"operational_cost":169.79,"carbon_saved_today":268.89,"social_impact_index":8,"governance_compliance":"Compliant"},{"timestamp":"2025-03-28T11:00:00.000","hourly_revenue":1698.0037407493,"operational_cost":309.95,"carbon_saved_today":227.53,"social_impact_index":8,"governance_compliance":"Compliant"},{"timestamp":"2025-03-28T12:00:00.000","hourly_revenue":1670.8875873901,"operational_cost":321.84,"carbon_saved_today":223.9,"social_impact_index":8,"governance_compliance":"Compliant"},{"timestamp":"2025-03-28T13:00:00.000","hourly_revenue":2094.7484941317,"operational_cost":320.21,"carbon_saved_today":280.7,"social_impact_index":8,"governance_compliance":"Compliant"},{"timestamp":"2025-03-28T14:00:00.000","hourly_revenue":2103.9013219284,"operational_cost":361.79,"carbon_saved_today":281.92,"social_impact_index":8,"governance_compliance":"Compliant"},{"timestamp":"2025-03-28T15:00:00.000","hourly_revenue":1454.350988943,"operational_cost":246.45,"carbon_saved_today":194.88,"social_impact_index":8,"governance_compliance":"Compliant"},{"timestamp":"2025-03-28T16:00:00.000","hourly_revenue":1035.8063447349,"operational_cost":334.01,"carbon_saved_today":138.8,"social_impact_index":8,"governance_compliance":"Compliant"},{"timestamp":"2025-03-28T17:00:00.000","hourly_revenue":460.6924893236,"operational_cost":359.63,"carbon_saved_today":61.73,"social_impact_index":8,"governance_compliance":"Compliant"},{"timestamp":"2025-03-28T18:00:00.000","hourly_revenue":0.0,"operational_cost":211.07,"carbon_saved_today":0.0,"social_impact_index":8,"governance_compliance":"Compliant"},{"timestamp":"2025-03-28T19:00:00.000","hourly_revenue":0.0,"operational_cost":315.98,"carbon_saved_today":0.0,"social_impact_index":8,"governance_compliance":"Compliant"},{"timestamp":"2025-03-28T20:00:00.000","hourly_revenue":0.0,"operational_cost":274.79,"carbon_saved_today":0.0,"social_impact_index":8,"governance_compliance":"Compliant"},{"timestamp":"2025-03-28T21:00:00.000","hourly_revenue":0.0,"operational_cost":295.92,"carbon_saved_today":0.0,"social_impact_index":8,"governance_compliance":"Compliant"},{"timestamp":"2025-03-28T22:00:00.000","hourly_revenue":0.0,"operational_cost":317.38,"carbon_saved_today":0.0,"social_impact_index":8,"governance_compliance":"Compliant"},{"timestamp":"2025-03-28T23:00:00.000","hourly_revenue":0.0,"operational_cost":275.64,"carbon_saved_today":0.0,"social_impact_index":8,"governance_compliance":"Compliant"},{"timestamp":"2025-03-29T00:00:00.000","hourly_revenue":0.0,"operational_cost":266.21,"carbon_saved_today":0.0,"social_impact_index":7,"governance_compliance":"Partial"},{"timestamp":"2025-03-29T01:00:00.000","hourly_revenue":0.0,"operational_cost":301.71,"carbon_saved_today":0.0,"social_impact_index":7,"governance_compliance":"Partial"},{"timestamp":"2025-03-29T02:00:00.000","hourly_revenue":0.0,"operational_cost":245.64,"carbon_saved_today":0.0,"social_impact_index":7,"governance_compliance":"Partial"},{"timestamp":"2025-03-29T03:00:00.000","hourly_revenue":0.0,"operational_cost":245.71,"carbon_saved_today":0.0,"social_impact_index":7,"governance_compliance":"Partial"},{"timestamp":"2025-03-29T04:00:00.000","hourly_revenue":0.0,"operational_cost":333.97,"carbon_saved_today":0.0,"social_impact_index":7,"governance_compliance":"Partial"},{"timestamp":"2025-03-29T05:00:00.000","hourly_revenue":0.0,"operational_cost":242.56,"carbon_saved_today":0.0,"social_impact_index":7,"governance_compliance":"Partial"},{"timestamp":"2025-03-29T06:00:00.000","hourly_revenue":0.0,"operational_cost":333.32,"carbon_saved_today":0.0,"social_impact_index":7,"governance_compliance":"Partial"},{"timestamp":"2025-03-29T07:00:00.000","hourly_revenue":0.0,"operational_cost":323.13,"carbon_saved_today":0.0,"social_impact_index":7,"governance_compliance":"Partial"},{"timestamp":"2025-03-29T08:00:00.000","hourly_revenue":0.0,"operational_cost":213.71,"carbon_saved_today":0.0,"social_impact_index":7,"governance_compliance":"Partial"},{"timestamp":"2025-03-29T09:00:00.000","hourly_revenue":0.0,"operational_cost":266.12,"carbon_saved_today":0.0,"social_impact_index":7,"governance_compliance":"Partial"},{"timestamp":"2025-03-29T10:00:00.000","hourly_revenue":0.0,"operational_cost":359.71,"carbon_saved_today":0.0,"social_impact_index":7,"governance_compliance":"Partial"},{"timestamp":"2025-03-29T11:00:00.000","hourly_revenue":0.0,"operational_cost":250.94,"carbon_saved_today":0.0,"social_impact_index":7,"governance_compliance":"Partial"},{"timestamp":"2025-03-29T12:00:00.000","hourly_revenue":0.0,"operational_cost":276.78,"carbon_saved_today":0.0,"social_impact_index":7,"governance_compliance":"Partial"},{"timestamp":"2025-03-29T13:00:00.000","hourly_revenue":0.0,"operational_cost":323.1,"carbon_saved_today":0.0,"social_impact_index":7,"governance_compliance":"Partial"},{"timestamp":"2025-03-29T14:00:00.000","hourly_revenue":0.0,"operational_cost":339.17,"carbon_saved_today":0.0,"social_impact_index":7,"governance_compliance":"Partial"},{"timestamp":"2025-03-29T15:00:00.000","hourly_revenue":0.0,"operational_cost":287.42,"carbon_saved_today":0.0,"social_impact_index":7,"governance_compliance":"Partial"},{"timestamp":"2025-03-29T16:00:00.000","hourly_revenue":0.0,"operational_cost":270.12,"carbon_saved_today":0.0,"social_impact_index":7,"governance_compliance":"Partial"},{"timestamp":"2025-03-29T17:00:00.000","hourly_revenue":0.0,"operational_cost":371.12,"carbon_saved_today":0.0,"social_impact_index":7,"governance_compliance":"Partial"},{"timestamp":"2025-03-29T18:00:00.000","hourly_revenue":0.0,"operational_cost":386.94,"carbon_saved_today":0.0,"social_impact_index":7,"governance_compliance":"Partial"},{"timestamp":"2025-03-29T19:00:00.000","hourly_revenue":0.0,"operational_cost":348.94,"carbon_saved_today":0.0,"social_impact_index":7,"governance_compliance":"Partial"},{"timestamp":"2025-03-29T20:00:00.000","hourly_revenue":0.0,"operational_cost":304.27,"carbon_saved_today":0.0,"social_impact_index":7,"governance_compliance":"Partial"},{"timestamp":"2025-03-29T21:00:00.000","hourly_revenue":0.0,"operational_cost":259.59,"carbon_saved_today":0.0,"social_impact_index":7,"governance_compliance":"Partial"},{"timestamp":"2025-03-29T22:00:00.000","hourly_revenue":0.0,"operational_cost":258.48,"carbon_saved_today":0.0,"social_impact_index":7,"governance_compliance":"Partial"},{"timestamp":"2025-03-29T23:00:00.000","hourly_revenue":0.0,"operational_cost":326.13,"carbon_saved_today":0.0,"social_impact_index":7,"governance_compliance":"Partial"},{"timestamp":"2025-03-30T00:00:00.000","hourly_revenue":0.0,"operational_cost":320.92,"carbon_saved_today":0.0,"social_impact_index":10,"governance_compliance":"Compliant"},{"timestamp":"2025-03-30T01:00:00.000","hourly_revenue":0.0,"operational_cost":370.08,"carbon_saved_today":0.0,"social_impact_index":10,"governance_compliance":"Compliant"},{"timestamp":"2025-03-30T02:00:00.000","hourly_revenue":0.0,"operational_cost":332.52,"carbon_saved_today":0.0,"social_impact_index":10,"governance_compliance":"Compliant"},{"timestamp":"2025-03-30T03:00:00.000","hourly_revenue":0.0,"operational_cost":224.85,"carbon_saved_today":0.0,"social_impact_index":10,"governance_compliance":"Non-Compliant"},{"timestamp":"2025-03-30T04:00:00.000","hourly_revenue":0.0,"operational_cost":352.6,"carbon_saved_today":0.0,"social_impact_index":10,"governance_compliance":"Compliant"},{"timestamp":"2025-03-30T05:00:00.000","hourly_revenue":0.0,"operational_cost":250.1,"carbon_saved_today":0.0,"social_impact_index":10,"governance_compliance":"Compliant"},{"timestamp":"2025-03-30T06:00:00.000","hourly_revenue":0.0,"operational_cost":280.8,"carbon_saved_today":0.0,"social_impact_index":10,"governance_compliance":"Compliant"},{"timestamp":"2025-03-30T07:00:00.000","hourly_revenue":401.641485968,"operational_cost":312.51,"carbon_saved_today":53.82,"social_impact_index":10,"governance_compliance":"Compliant"},{"timestamp":"2025-03-30T08:00:00.000","hourly_revenue":918.302139097,"operational_cost":399.78,"carbon_saved_today":123.05,"social_impact_index":10,"governance_compliance":"Compliant"},{"timestamp":"2025-03-30T09:00:00.000","hourly_revenue":1155.7057013344,"operational_cost":455.5,"carbon_saved_today":154.86,"social_impact_index":10,"governance_compliance":"Compliant"},{"timestamp":"2025-03-30T10:00:00.000","hourly_revenue":1353.9224400702,"operational_cost":330.34,"carbon_saved_today":181.43,"social_impact_index":10,"governance_compliance":"Compliant"},{"timestamp":"2025-03-30T11:00:00.000","hourly_revenue":2405.1168948982,"operational_cost":290.84,"carbon_saved_today":322.29,"social_impact_index":10,"governance_compliance":"Compliant"},{"timestamp":"2025-03-30T12:00:00.000","hourly_revenue":1822.3538449747,"operational_cost":326.73,"carbon_saved_today":244.2,"social_impact_index":10,"governance_compliance":"Compliant"},{"timestamp":"2025-03-30T13:00:00.000","hourly_revenue":2231.1673827361,"operational_cost":344.38,"carbon_saved_today":298.98,"social_impact_index":10,"governance_compliance":"Compliant"},{"timestamp":"2025-03-30T14:00:00.000","hourly_revenue":1519.5633815384,"operational_cost":283.97,"carbon_saved_today":203.62,"social_impact_index":10,"governance_compliance":"Compliant"},{"timestamp":"2025-03-30T15:00:00.000","hourly_revenue":1542.5553680615,"operational_cost":389.76,"carbon_saved_today":206.7,"social_impact_index":10,"governance_compliance":"Compliant"},{"timestamp":"2025-03-30T16:00:00.000","hourly_revenue":1130.1139299448,"operational_cost":311.5,"carbon_saved_today":151.44,"social_impact_index":10,"governance_compliance":"Compliant"},{"timestamp":"2025-03-30T17:00:00.000","hourly_revenue":542.391217724,"operational_cost":324.89,"carbon_saved_today":72.68,"social_impact_index":10,"governance_compliance":"Non-Compliant"},{"timestamp":"2025-03-30T18:00:00.000","hourly_revenue":0.0,"operational_cost":333.3,"carbon_saved_today":0.0,"social_impact_index":10,"governance_compliance":"Non-Compliant"},{"timestamp":"2025-03-30T19:00:00.000","hourly_revenue":0.0,"operational_cost":321.08,"carbon_saved_today":0.0,"social_impact_index":10,"governance_compliance":"Compliant"},{"timestamp":"2025-03-30T20:00:00.000","hourly_revenue":0.0,"operational_cost":341.95,"carbon_saved_today":0.0,"social_impact_index":10,"governance_compliance":"Compliant"},{"timestamp":"2025-03-30T21:00:00.000","hourly_revenue":0.0,"operational_cost":269.14,"carbon_saved_today":0.0,"social_impact_index":10,"governance_compliance":"Compliant"},{"timestamp":"2025-03-30T22:00:00.000","hourly_revenue":0.0,"operational_cost":272.08,"carbon_saved_today":0.0,"social_impact_index":10,"governance_compliance":"Non-Compliant"},{"timestamp":"2025-03-30T23:00:00.000","hourly_revenue":0.0,"operational_cost":244.99,"carbon_saved_today":0.0,"social_impact_index":10,"governance_compliance":"Compliant"},{"timestamp":"2025-03-31T00:00:00.000","hourly_revenue":0.0,"operational_cost":321.98,"carbon_saved_today":0.0,"social_impact_index":8,"governance_compliance":"Compliant"},{"timestamp":"2025-03-31T01:00:00.000","hourly_revenue":0.0,"operational_cost":338.95,"carbon_saved_today":0.0,"social_impact_index":8,"governance_compliance":"Compliant"},{"timestamp":"2025-03-31T02:00:00.000","hourly_revenue":0.0,"operational_cost":322.89,"carbon_saved_today":0.0,"social_impact_index":8,"governance_compliance":"Compliant"},{"timestamp":"2025-03-31T03:00:00.000","hourly_revenue":0.0,"operational_cost":383.72,"carbon_saved_today":0.0,"social_impact_index":8,"governance_compliance":"Compliant"},{"timestamp":"2025-03-31T04:00:00.000","hourly_revenue":0.0,"operational_cost":299.72,"carbon_saved_today":0.0,"social_impact_index":8,"governance_compliance":"Compliant"},{"timestamp":"2025-03-31T05:00:00.000","hourly_revenue":0.0,"operational_cost":333.44,"carbon_saved_today":0.0,"social_impact_index":8,"governance_compliance":"Compliant"},{"timestamp":"2025-03-31T06:00:00.000","hourly_revenue":0.0,"operational_cost":245.41,"carbon_saved_today":0.0,"social_impact_index":8,"governance_compliance":"Compliant"},{"timestamp":"2025-03-31T07:00:00.000","hourly_revenue":606.1098877942,"operational_cost":280.65,"carbon_saved_today":81.22,"social_impact_index":8,"governance_compliance":"Compliant"},{"timestamp":"2025-03-31T08:00:00.000","hourly_revenue":819.8861883131,"operational_cost":334.78,"carbon_saved_today":109.86,"social_impact_index":8,"governance_compliance":"Compliant"},{"timestamp":"2025-03-31T09:00:00.000","hourly_revenue":1622.9990808519,"operational_cost":342.46,"carbon_saved_today":217.48,"social_impact_index":8,"governance_compliance":"Compliant"},{"timestamp":"2025-03-31T10:00:00.000","hourly_revenue":1473.652486935,"operational_cost":285.3,"carbon_saved_today":197.47,"social_impact_index":8,"governance_compliance":"Compliant"},{"timestamp":"2025-03-31T11:00:00.000","hourly_revenue":1606.9682412733,"operational_cost":296.42,"carbon_saved_today":215.33,"social_impact_index":8,"governance_compliance":"Compliant"},{"timestamp":"2025-03-31T12:00:00.000","hourly_revenue":1664.265797931,"operational_cost":224.11,"carbon_saved_today":223.01,"social_impact_index":8,"governance_compliance":"Compliant"},{"timestamp":"2025-03-31T13:00:00.000","hourly_revenue":2235.7074991473,"operational_cost":282.15,"carbon_saved_today":299.58,"social_impact_index":8,"governance_compliance":"Compliant"},{"timestamp":"2025-03-31T14:00:00.000","hourly_revenue":1875.1157973264,"operational_cost":344.52,"carbon_saved_today":251.27,"social_impact_index":8,"governance_compliance":"Non-Compliant"},{"timestamp":"2025-03-31T15:00:00.000","hourly_revenue":1430.5232806383,"operational_cost":328.76,"carbon_saved_today":191.69,"social_impact_index":8,"governance_compliance":"Compliant"},{"timestamp":"2025-03-31T16:00:00.000","hourly_revenue":929.4152420618,"operational_cost":325.03,"carbon_saved_today":124.54,"social_impact_index":8,"governance_compliance":"Compliant"},{"timestamp":"2025-03-31T17:00:00.000","hourly_revenue":615.2647739904,"operational_cost":302.49,"carbon_saved_today":82.45,"social_impact_index":8,"governance_compliance":"Compliant"},{"timestamp":"2025-03-31T18:00:00.000","hourly_revenue":0.0,"operational_cost":300.35,"carbon_saved_today":0.0,"social_impact_index":8,"governance_compliance":"Non-Compliant"},{"timestamp":"2025-03-31T19:00:00.000","hourly_revenue":0.0,"operational_cost":266.98,"carbon_saved_today":0.0,"social_impact_index":8,"governance_compliance":"Compliant"},{"timestamp":"2025-03-31T20:00:00.000","hourly_revenue":0.0,"operational_cost":334.94,"carbon_saved_today":0.0,"social_impact_index":8,"governance_compliance":"Compliant"},{"timestamp":"2025-03-31T21:00:00.000","hourly_revenue":0.0,"operational_cost":321.05,"carbon_saved_today":0.0,"social_impact_index":8,"governance_compliance":"Compliant"},{"timestamp":"2025-03-31T22:00:00.000","hourly_revenue":0.0,"operational_cost":324.6,"carbon_saved_today":0.0,"social_impact_index":8,"governance_compliance":"Compliant"},{"timestamp":"2025-03-31T23:00:00.000","hourly_revenue":0.0,"operational_cost":273.7,"carbon_saved_today":0.0,"social_impact_index":8,"governance_compliance":"Compliant"},{"timestamp":"2025-04-01T00:00:00.000","hourly_revenue":0.0,"operational_cost":192.33,"carbon_saved_today":0.0,"social_impact_index":8,"governance_compliance":"Compliant"},{"timestamp":"2025-04-01T01:00:00.000","hourly_revenue":0.0,"operational_cost":354.86,"carbon_saved_today":0.0,"social_impact_index":8,"governance_compliance":"Compliant"},{"timestamp":"2025-04-01T02:00:00.000","hourly_revenue":0.0,"operational_cost":276.06,"carbon_saved_today":0.0,"social_impact_index":8,"governance_compliance":"Compliant"},{"timestamp":"2025-04-01T03:00:00.000","hourly_revenue":0.0,"operational_cost":256.86,"carbon_saved_today":0.0,"social_impact_index":8,"governance_compliance":"Compliant"},{"timestamp":"2025-04-01T04:00:00.000","hourly_revenue":0.0,"operational_cost":334.67,"carbon_saved_today":0.0,"social_impact_index":8,"governance_compliance":"Compliant"},{"timestamp":"2025-04-01T05:00:00.000","hourly_revenue":0.0,"operational_cost":280.4,"carbon_saved_today":0.0,"social_impact_index":8,"governance_compliance":"Compliant"},{"timestamp":"2025-04-01T06:00:00.000","hourly_revenue":0.0,"operational_cost":353.0,"carbon_saved_today":0.0,"social_impact_index":8,"governance_compliance":"Compliant"},{"timestamp":"2025-04-01T07:00:00.000","hourly_revenue":549.793249673,"operational_cost":330.85,"carbon_saved_today":73.67,"social_impact_index":8,"governance_compliance":"Compliant"},{"timestamp":"2025-04-01T08:00:00.000","hourly_revenue":808.4490203542,"operational_cost":334.18,"carbon_saved_today":108.33,"social_impact_index":8,"governance_compliance":"Compliant"},{"timestamp":"2025-04-01T09:00:00.000","hourly_revenue":1725.2218395639,"operational_cost":231.7,"carbon_saved_today":231.18,"social_impact_index":8,"governance_compliance":"Compliant"},{"timestamp":"2025-04-01T10:00:00.000","hourly_revenue":1842.6492257966,"operational_cost":360.6,"carbon_saved_today":246.91,"social_impact_index":8,"governance_compliance":"Compliant"},{"timestamp":"2025-04-01T11:00:00.000","hourly_revenue":1772.3827220001,"operational_cost":313.06,"carbon_saved_today":237.5,"social_impact_index":8,"governance_compliance":"Non-Compliant"},{"timestamp":"2025-04-01T12:00:00.000","hourly_revenue":1639.2720726634,"operational_cost":281.54,"carbon_saved_today":219.66,"social_impact_index":8,"governance_compliance":"Compliant"},{"timestamp":"2025-04-01T13:00:00.000","hourly_revenue":2215.8581764738,"operational_cost":307.17,"carbon_saved_today":296.92,"social_impact_index":8,"governance_compliance":"Compliant"},{"timestamp":"2025-04-01T14:00:00.000","hourly_revenue":1836.0368645054,"operational_cost":211.19,"carbon_saved_today":246.03,"social_impact_index":8,"governance_compliance":"Compliant"},{"timestamp":"2025-04-01T15:00:00.000","hourly_revenue":1437.8741274155,"operational_cost":320.43,"carbon_saved_today":192.68,"social_impact_index":8,"governance_compliance":"Compliant"},{"timestamp":"2025-04-01T16:00:00.000","hourly_revenue":1196.9462915255,"operational_cost":248.53,"carbon_saved_today":160.39,"social_impact_index":8,"governance_compliance":"Compliant"},{"timestamp":"2025-04-01T17:00:00.000","hourly_revenue":592.3325448334,"operational_cost":232.37,"carbon_saved_today":79.37,"social_impact_index":8,"governance_compliance":"Compliant"},{"timestamp":"2025-04-01T18:00:00.000","hourly_revenue":0.0,"operational_cost":223.88,"carbon_saved_today":0.0,"social_impact_index":8,"governance_compliance":"Compliant"},{"timestamp":"2025-04-01T19:00:00.000","hourly_revenue":0.0,"operational_cost":355.63,"carbon_saved_today":0.0,"social_impact_index":8,"governance_compliance":"Compliant"},{"timestamp":"2025-04-01T20:00:00.000","hourly_revenue":0.0,"operational_cost":268.54,"carbon_saved_today":0.0,"social_impact_index":8,"governance_compliance":"Compliant"},{"timestamp":"2025-04-01T21:00:00.000","hourly_revenue":0.0,"operational_cost":376.69,"carbon_saved_today":0.0,"social_impact_index":8,"governance_compliance":"Compliant"},{"timestamp":"2025-04-01T22:00:00.000","hourly_revenue":0.0,"operational_cost":273.21,"carbon_saved_today":0.0,"social_impact_index":8,"governance_compliance":"Compliant"},{"timestamp":"2025-04-01T23:00:00.000","hourly_revenue":0.0,"operational_cost":214.63,"carbon_saved_today":0.0,"social_impact_index":8,"governance_compliance":"Compliant"},{"timestamp":"2025-04-02T00:00:00.000","hourly_revenue":0.0,"operational_cost":244.17,"carbon_saved_today":0.0,"social_impact_index":8,"governance_compliance":"Compliant"},{"timestamp":"2025-04-02T01:00:00.000","hourly_revenue":0.0,"operational_cost":361.79,"carbon_saved_today":0.0,"social_impact_index":8,"governance_compliance":"Compliant"},{"timestamp":"2025-04-02T02:00:00.000","hourly_revenue":0.0,"operational_cost":292.21,"carbon_saved_today":0.0,"social_impact_index":8,"governance_compliance":"Non-Compliant"},{"timestamp":"2025-04-02T03:00:00.000","hourly_revenue":0.0,"operational_cost":272.59,"carbon_saved_today":0.0,"social_impact_index":8,"governance_compliance":"Non-Compliant"},{"timestamp":"2025-04-02T04:00:00.000","hourly_revenue":0.0,"operational_cost":308.0,"carbon_saved_today":0.0,"social_impact_index":8,"governance_compliance":"Compliant"},{"timestamp":"2025-04-02T05:00:00.000","hourly_revenue":0.0,"operational_cost":325.09,"carbon_saved_today":0.0,"social_impact_index":8,"governance_compliance":"Compliant"},{"timestamp":"2025-04-02T06:00:00.000","hourly_revenue":0.0,"operational_cost":355.87,"carbon_saved_today":0.0,"social_impact_index":8,"governance_compliance":"Compliant"},{"timestamp":"2025-04-02T07:00:00.000","hourly_revenue":491.054084828,"operational_cost":372.42,"carbon_saved_today":65.8,"social_impact_index":8,"governance_compliance":"Compliant"},{"timestamp":"2025-04-02T08:00:00.000","hourly_revenue":1148.6476828898,"operational_cost":282.01,"carbon_saved_today":153.92,"social_impact_index":8,"governance_compliance":"Compliant"},{"timestamp":"2025-04-02T09:00:00.000","hourly_revenue":1166.6678012762,"operational_cost":233.7,"carbon_saved_today":156.33,"social_impact_index":8,"governance_compliance":"Compliant"},{"timestamp":"2025-04-02T10:00:00.000","hourly_revenue":1497.5756378012,"operational_cost":279.33,"carbon_saved_today":200.68,"social_impact_index":8,"governance_compliance":"Compliant"},{"timestamp":"2025-04-02T11:00:00.000","hourly_revenue":2146.5311483481,"operational_cost":313.01,"carbon_saved_today":287.64,"social_impact_index":8,"governance_compliance":"Compliant"},{"timestamp":"2025-04-02T12:00:00.000","hourly_revenue":2220.0365365461,"operational_cost":251.81,"carbon_saved_today":297.48,"social_impact_index":8,"governance_compliance":"Compliant"},{"timestamp":"2025-04-02T13:00:00.000","hourly_revenue":2068.1897965016,"operational_cost":252.14,"carbon_saved_today":277.14,"social_impact_index":8,"governance_compliance":"Compliant"},{"timestamp":"2025-04-02T14:00:00.000","hourly_revenue":1900.0150875019,"operational_cost":317.19,"carbon_saved_today":254.6,"social_impact_index":8,"governance_compliance":"Compliant"},{"timestamp":"2025-04-02T15:00:00.000","hourly_revenue":1444.4243059866,"operational_cost":297.57,"carbon_saved_today":193.55,"social_impact_index":8,"governance_compliance":"Compliant"},{"timestamp":"2025-04-02T16:00:00.000","hourly_revenue":875.8995294535,"operational_cost":301.64,"carbon_saved_today":117.37,"social_impact_index":8,"governance_compliance":"Compliant"},{"timestamp":"2025-04-02T17:00:00.000","hourly_revenue":477.7012745882,"operational_cost":262.08,"carbon_saved_today":64.01,"social_impact_index":8,"governance_compliance":"Compliant"},{"timestamp":"2025-04-02T18:00:00.000","hourly_revenue":0.0,"operational_cost":288.48,"carbon_saved_today":0.0,"social_impact_index":8,"governance_compliance":"Compliant"},{"timestamp":"2025-04-02T19:00:00.000","hourly_revenue":0.0,"operational_cost":253.79,"carbon_saved_today":0.0,"social_impact_index":8,"governance_compliance":"Compliant"},{"timestamp":"2025-04-02T20:00:00.000","hourly_revenue":0.0,"operational_cost":344.51,"carbon_saved_today":0.0,"social_impact_index":8,"governance_compliance":"Compliant"},{"timestamp":"2025-04-02T21:00:00.000","hourly_revenue":0.0,"operational_cost":351.76,"carbon_saved_today":0.0,"social_impact_index":8,"governance_compliance":"Compliant"},{"timestamp":"2025-04-02T22:00:00.000","hourly_revenue":0.0,"operational_cost":207.69,"carbon_saved_today":0.0,"social_impact_index":8,"governance_compliance":"Compliant"},{"timestamp":"2025-04-02T23:00:00.000","hourly_revenue":0.0,"operational_cost":253.52,"carbon_saved_today":0.0,"social_impact_index":8,"governance_compliance":"Compliant"},{"timestamp":"2025-04-03T00:00:00.000","hourly_revenue":0.0,"operational_cost":225.17,"carbon_saved_today":0.0,"social_impact_index":8,"governance_compliance":"Compliant"},{"timestamp":"2025-04-03T01:00:00.000","hourly_revenue":0.0,"operational_cost":267.5,"carbon_saved_today":0.0,"social_impact_index":8,"governance_compliance":"Compliant"},{"timestamp":"2025-04-03T02:00:00.000","hourly_revenue":0.0,"operational_cost":295.83,"carbon_saved_today":0.0,"social_impact_index":8,"governance_compliance":"Compliant"},{"timestamp":"2025-04-03T03:00:00.000","hourly_revenue":0.0,"operational_cost":227.52,"carbon_saved_today":0.0,"social_impact_index":8,"governance_compliance":"Compliant"},{"timestamp":"2025-04-03T04:00:00.000","hourly_revenue":0.0,"operational_cost":253.91,"carbon_saved_today":0.0,"social_impact_index":8,"governance_compliance":"Compliant"},{"timestamp":"2025-04-03T05:00:00.000","hourly_revenue":0.0,"operational_cost":249.8,"carbon_saved_today":0.0,"social_impact_index":8,"governance_compliance":"Non-Compliant"},{"timestamp":"2025-04-03T06:00:00.000","hourly_revenue":0.0,"operational_cost":310.36,"carbon_saved_today":0.0,"social_impact_index":8,"governance_compliance":"Compliant"},{"timestamp":"2025-04-03T07:00:00.000","hourly_revenue":534.4957985861,"operational_cost":303.47,"carbon_saved_today":71.62,"social_impact_index":8,"governance_compliance":"Compliant"},{"timestamp":"2025-04-03T08:00:00.000","hourly_revenue":1098.3254119384,"operational_cost":263.91,"carbon_saved_today":147.18,"social_impact_index":8,"governance_compliance":"Compliant"},{"timestamp":"2025-04-03T09:00:00.000","hourly_revenue":1712.9657398507,"operational_cost":308.84,"carbon_saved_today":229.54,"social_impact_index":8,"governance_compliance":"Compliant"},{"timestamp":"2025-04-03T10:00:00.000","hourly_revenue":1911.5247295299,"operational_cost":272.67,"carbon_saved_today":256.14,"social_impact_index":8,"governance_compliance":"Compliant"},{"timestamp":"2025-04-03T11:00:00.000","hourly_revenue":1596.2301405019,"operational_cost":286.42,"carbon_saved_today":213.89,"social_impact_index":8,"governance_compliance":"Compliant"},{"timestamp":"2025-04-03T12:00:00.000","hourly_revenue":2076.2883601668,"operational_cost":383.67,"carbon_saved_today":278.22,"social_impact_index":8,"governance_compliance":"Compliant"},{"timestamp":"2025-04-03T13:00:00.000","hourly_revenue":2034.930471933,"operational_cost":367.02,"carbon_saved_today":272.68,"social_impact_index":8,"governance_compliance":"Compliant"},{"timestamp":"2025-04-03T14:00:00.000","hourly_revenue":1666.3460415487,"operational_cost":235.02,"carbon_saved_today":223.29,"social_impact_index":8,"governance_compliance":"Compliant"},{"timestamp":"2025-04-03T15:00:00.000","hourly_revenue":1581.4048847558,"operational_cost":341.49,"carbon_saved_today":211.91,"social_impact_index":8,"governance_compliance":"Compliant"},{"timestamp":"2025-04-03T16:00:00.000","hourly_revenue":1217.1835073845,"operational_cost":340.57,"carbon_saved_today":163.1,"social_impact_index":8,"governance_compliance":"Compliant"},{"timestamp":"2025-04-03T17:00:00.000","hourly_revenue":627.7833263413,"operational_cost":242.59,"carbon_saved_today":84.12,"social_impact_index":8,"governance_compliance":"Compliant"},{"timestamp":"2025-04-03T18:00:00.000","hourly_revenue":0.0,"operational_cost":340.94,"carbon_saved_today":0.0,"social_impact_index":8,"governance_compliance":"Compliant"},{"timestamp":"2025-04-03T19:00:00.000","hourly_revenue":0.0,"operational_cost":376.9,"carbon_saved_today":0.0,"social_impact_index":8,"governance_compliance":"Compliant"},{"timestamp":"2025-04-03T20:00:00.000","hourly_revenue":0.0,"operational_cost":243.87,"carbon_saved_today":0.0,"social_impact_index":8,"governance_compliance":"Compliant"},{"timestamp":"2025-04-03T21:00:00.000","hourly_revenue":0.0,"operational_cost":254.12,"carbon_saved_today":0.0,"social_impact_index":8,"governance_compliance":"Compliant"},{"timestamp":"2025-04-03T22:00:00.000","hourly_revenue":0.0,"operational_cost":350.88,"carbon_saved_today":0.0,"social_impact_index":8,"governance_compliance":"Compliant"},{"timestamp":"2025-04-03T23:00:00.000","hourly_revenue":0.0,"operational_cost":313.57,"carbon_saved_today":0.0,"social_impact_index":8,"governance_compliance":"Compliant"},{"timestamp":"2025-04-04T00:00:00.000","hourly_revenue":0.0,"operational_cost":327.57,"carbon_saved_today":0.0,"social_impact_index":8,"governance_compliance":"Compliant"},{"timestamp":"2025-04-04T01:00:00.000","hourly_revenue":0.0,"operational_cost":317.03,"carbon_saved_today":0.0,"social_impact_index":8,"governance_compliance":"Compliant"},{"timestamp":"2025-04-04T02:00:00.000","hourly_revenue":0.0,"operational_cost":319.53,"carbon_saved_today":0.0,"social_impact_index":8,"governance_compliance":"Compliant"},{"timestamp":"2025-04-04T03:00:00.000","hourly_revenue":0.0,"operational_cost":233.68,"carbon_saved_today":0.0,"social_impact_index":8,"governance_compliance":"Compliant"},{"timestamp":"2025-04-04T04:00:00.000","hourly_revenue":0.0,"operational_cost":352.37,"carbon_saved_today":0.0,"social_impact_index":8,"governance_compliance":"Compliant"},{"timestamp":"2025-04-04T05:00:00.000","hourly_revenue":0.0,"operational_cost":358.48,"carbon_saved_today":0.0,"social_impact_index":8,"governance_compliance":"Compliant"},{"timestamp":"2025-04-04T06:00:00.000","hourly_revenue":0.0,"operational_cost":288.53,"carbon_saved_today":0.0,"social_impact_index":8,"governance_compliance":"Compliant"},{"timestamp":"2025-04-04T07:00:00.000","hourly_revenue":389.4274234247,"operational_cost":297.83,"carbon_saved_today":52.18,"social_impact_index":8,"governance_compliance":"Compliant"},{"timestamp":"2025-04-04T08:00:00.000","hourly_revenue":916.7495858456,"operational_cost":223.44,"carbon_saved_today":122.84,"social_impact_index":8,"governance_compliance":"Compliant"},{"timestamp":"2025-04-04T09:00:00.000","hourly_revenue":1342.2079550742,"operational_cost":325.71,"carbon_saved_today":179.86,"social_impact_index":8,"governance_compliance":"Compliant"},{"timestamp":"2025-04-04T10:00:00.000","hourly_revenue":1764.436349703,"operational_cost":328.6,"carbon_saved_today":236.43,"social_impact_index":8,"governance_compliance":"Compliant"},{"timestamp":"2025-04-04T11:00:00.000","hourly_revenue":2337.4010357837,"operational_cost":296.89,"carbon_saved_today":313.21,"social_impact_index":8,"governance_compliance":"Compliant"},{"timestamp":"2025-04-04T12:00:00.000","hourly_revenue":1846.345994366,"operational_cost":356.22,"carbon_saved_today":247.41,"social_impact_index":8,"governance_compliance":"Compliant"},{"timestamp":"2025-04-04T13:00:00.000","hourly_revenue":1784.0197976589,"operational_cost":283.3,"carbon_saved_today":239.06,"social_impact_index":8,"governance_compliance":"Compliant"},{"timestamp":"2025-04-04T14:00:00.000","hourly_revenue":1937.7329218624,"operational_cost":328.23,"carbon_saved_today":259.66,"social_impact_index":8,"governance_compliance":"Compliant"},{"timestamp":"2025-04-04T15:00:00.000","hourly_revenue":1380.4265443572,"operational_cost":249.02,"carbon_saved_today":184.98,"social_impact_index":8,"governance_compliance":"Compliant"},{"timestamp":"2025-04-04T16:00:00.000","hourly_revenue":862.30241147,"operational_cost":298.82,"carbon_saved_today":115.55,"social_impact_index":8,"governance_compliance":"Compliant"},{"timestamp":"2025-04-04T17:00:00.000","hourly_revenue":505.3285311859,"operational_cost":291.28,"carbon_saved_today":67.71,"social_impact_index":8,"governance_compliance":"Compliant"},{"timestamp":"2025-04-04T18:00:00.000","hourly_revenue":0.0,"operational_cost":311.27,"carbon_saved_today":0.0,"social_impact_index":8,"governance_compliance":"Compliant"},{"timestamp":"2025-04-04T19:00:00.000","hourly_revenue":0.0,"operational_cost":281.52,"carbon_saved_today":0.0,"social_impact_index":8,"governance_compliance":"Compliant"},{"timestamp":"2025-04-04T20:00:00.000","hourly_revenue":0.0,"operational_cost":293.43,"carbon_saved_today":0.0,"social_impact_index":8,"governance_compliance":"Compliant"},{"timestamp":"2025-04-04T21:00:00.000","hourly_revenue":0.0,"operational_cost":341.3,"carbon_saved_today":0.0,"social_impact_index":8,"governance_compliance":"Compliant"},{"timestamp":"2025-04-04T22:00:00.000","hourly_revenue":0.0,"operational_cost":278.16,"carbon_saved_today":0.0,"social_impact_index":8,"governance_compliance":"Compliant"},{"timestamp":"2025-04-04T23:00:00.000","hourly_revenue":0.0,"operational_cost":219.67,"carbon_saved_today":0.0,"social_impact_index":8,"governance_compliance":"Compliant"},{"timestamp":"2025-04-05T00:00:00.000","hourly_revenue":0.0,"operational_cost":387.48,"carbon_saved_today":0.0,"social_impact_index":7,"governance_compliance":"Compliant"},{"timestamp":"2025-04-05T01:00:00.000","hourly_revenue":0.0,"operational_cost":369.07,"carbon_saved_today":0.0,"social_impact_index":7,"governance_compliance":"Compliant"},{"timestamp":"2025-04-05T02:00:00.000","hourly_revenue":0.0,"operational_cost":235.39,"carbon_saved_today":0.0,"social_impact_index":7,"governance_compliance":"Compliant"},{"timestamp":"2025-04-05T03:00:00.000","hourly_revenue":0.0,"operational_cost":334.49,"carbon_saved_today":0.0,"social_impact_index":7,"governance_compliance":"Compliant"},{"timestamp":"2025-04-05T04:00:00.000","hourly_revenue":0.0,"operational_cost":274.85,"carbon_saved_today":0.0,"social_impact_index":7,"governance_compliance":"Compliant"},{"timestamp":"2025-04-05T05:00:00.000","hourly_revenue":0.0,"operational_cost":313.17,"carbon_saved_today":0.0,"social_impact_index":7,"governance_compliance":"Compliant"},{"timestamp":"2025-04-05T06:00:00.000","hourly_revenue":0.0,"operational_cost":314.71,"carbon_saved_today":0.0,"social_impact_index":7,"governance_compliance":"Compliant"},{"timestamp":"2025-04-05T07:00:00.000","hourly_revenue":495.5411874333,"operational_cost":288.28,"carbon_saved_today":66.4,"social_impact_index":7,"governance_compliance":"Compliant"},{"timestamp":"2025-04-05T08:00:00.000","hourly_revenue":792.6748340393,"operational_cost":260.81,"carbon_saved_today":106.22,"social_impact_index":7,"governance_compliance":"Compliant"},{"timestamp":"2025-04-05T09:00:00.000","hourly_revenue":1765.5567152504,"operational_cost":265.47,"carbon_saved_today":236.58,"social_impact_index":7,"governance_compliance":"Compliant"},{"timestamp":"2025-04-05T10:00:00.000","hourly_revenue":1213.7662195941,"operational_cost":254.19,"carbon_saved_today":162.64,"social_impact_index":7,"governance_compliance":"Compliant"},{"timestamp":"2025-04-05T11:00:00.000","hourly_revenue":1416.790552974,"operational_cost":258.41,"carbon_saved_today":189.85,"social_impact_index":7,"governance_compliance":"Compliant"},{"timestamp":"2025-04-05T12:00:00.000","hourly_revenue":1096.9535341719,"operational_cost":296.64,"carbon_saved_today":146.99,"social_impact_index":7,"governance_compliance":"Compliant"},{"timestamp":"2025-04-05T13:00:00.000","hourly_revenue":1521.3064485416,"operational_cost":264.21,"carbon_saved_today":203.86,"social_impact_index":7,"governance_compliance":"Compliant"},{"timestamp":"2025-04-05T14:00:00.000","hourly_revenue":1036.5751771857,"operational_cost":334.1,"carbon_saved_today":138.9,"social_impact_index":7,"governance_compliance":"Compliant"},{"timestamp":"2025-04-05T15:00:00.000","hourly_revenue":1186.9763148019,"operational_cost":374.36,"carbon_saved_today":159.05,"social_impact_index":7,"governance_compliance":"Compliant"},{"timestamp":"2025-04-05T16:00:00.000","hourly_revenue":852.569820241,"operational_cost":271.0,"carbon_saved_today":114.24,"social_impact_index":7,"governance_compliance":"Compliant"},{"timestamp":"2025-04-05T17:00:00.000","hourly_revenue":437.5821814287,"operational_cost":311.97,"carbon_saved_today":58.64,"social_impact_index":7,"governance_compliance":"Compliant"},{"timestamp":"2025-04-05T18:00:00.000","hourly_revenue":0.0,"operational_cost":324.98,"carbon_saved_today":0.0,"social_impact_index":7,"governance_compliance":"Compliant"},{"timestamp":"2025-04-05T19:00:00.000","hourly_revenue":0.0,"operational_cost":323.6,"carbon_saved_today":0.0,"social_impact_index":7,"governance_compliance":"Compliant"},{"timestamp":"2025-04-05T20:00:00.000","hourly_revenue":0.0,"operational_cost":303.8,"carbon_saved_today":0.0,"social_impact_index":7,"governance_compliance":"Compliant"},{"timestamp":"2025-04-05T21:00:00.000","hourly_revenue":0.0,"operational_cost":337.13,"carbon_saved_today":0.0,"social_impact_index":7,"governance_compliance":"Compliant"},{"timestamp":"2025-04-05T22:00:00.000","hourly_revenue":0.0,"operational_cost":324.11,"carbon_saved_today":0.0,"social_impact_index":7,"governance_compliance":"Compliant"},{"timestamp":"2025-04-05T23:00:00.000","hourly_revenue":0.0,"operational_cost":238.12,"carbon_saved_today":0.0,"social_impact_index":7,"governance_compliance":"Compliant"},{"timestamp":"2025-04-06T00:00:00.000","hourly_revenue":0.0,"operational_cost":343.46,"carbon_saved_today":0.0,"social_impact_index":10,"governance_compliance":"Compliant"},{"timestamp":"2025-04-06T01:00:00.000","hourly_revenue":0.0,"operational_cost":344.36,"carbon_saved_today":0.0,"social_impact_index":10,"governance_compliance":"Compliant"},{"timestamp":"2025-04-06T02:00:00.000","hourly_revenue":0.0,"operational_cost":261.84,"carbon_saved_today":0.0,"social_impact_index":10,"governance_compliance":"Compliant"},{"timestamp":"2025-04-06T03:00:00.000","hourly_revenue":0.0,"operational_cost":301.9,"carbon_saved_today":0.0,"social_impact_index":10,"governance_compliance":"Compliant"},{"timestamp":"2025-04-06T04:00:00.000","hourly_revenue":0.0,"operational_cost":334.17,"carbon_saved_today":0.0,"social_impact_index":10,"governance_compliance":"Compliant"},{"timestamp":"2025-04-06T05:00:00.000","hourly_revenue":0.0,"operational_cost":289.53,"carbon_saved_today":0.0,"social_impact_index":10,"governance_compliance":"Compliant"},{"timestamp":"2025-04-06T06:00:00.000","hourly_revenue":0.0,"operational_cost":353.65,"carbon_saved_today":0.0,"social_impact_index":10,"governance_compliance":"Compliant"},{"timestamp":"2025-04-06T07:00:00.000","hourly_revenue":633.1012681199,"operational_cost":418.19,"carbon_saved_today":84.84,"social_impact_index":10,"governance_compliance":"Compliant"},{"timestamp":"2025-04-06T08:00:00.000","hourly_revenue":936.6546581399,"operational_cost":260.7,"carbon_saved_today":125.51,"social_impact_index":10,"governance_compliance":"Compliant"},{"timestamp":"2025-04-06T09:00:00.000","hourly_revenue":1252.1055661298,"operational_cost":230.95,"carbon_saved_today":167.78,"social_impact_index":10,"governance_compliance":"Non-Compliant"},{"timestamp":"2025-04-06T10:00:00.000","hourly_revenue":1856.7580701472,"operational_cost":315.19,"carbon_saved_today":248.81,"social_impact_index":10,"governance_compliance":"Compliant"},{"timestamp":"2025-04-06T11:00:00.000","hourly_revenue":1843.6956313841,"operational_cost":336.08,"carbon_saved_today":247.06,"social_impact_index":10,"governance_compliance":"Compliant"},{"timestamp":"2025-04-06T12:00:00.000","hourly_revenue":1525.3863556603,"operational_cost":288.46,"carbon_saved_today":204.4,"social_impact_index":10,"governance_compliance":"Compliant"},{"timestamp":"2025-04-06T13:00:00.000","hourly_revenue":1599.7205660717,"operational_cost":372.66,"carbon_saved_today":214.36,"social_impact_index":10,"governance_compliance":"Compliant"},{"timestamp":"2025-04-06T14:00:00.000","hourly_revenue":1919.0882442627,"operational_cost":233.07,"carbon_saved_today":257.16,"social_impact_index":10,"governance_compliance":"Compliant"},{"timestamp":"2025-04-06T15:00:00.000","hourly_revenue":1526.5897593907,"operational_cost":334.65,"carbon_saved_today":204.56,"social_impact_index":10,"governance_compliance":"Compliant"},{"timestamp":"2025-04-06T16:00:00.000","hourly_revenue":763.5479962517,"operational_cost":269.71,"carbon_saved_today":102.32,"social_impact_index":10,"governance_compliance":"Compliant"},{"timestamp":"2025-04-06T17:00:00.000","hourly_revenue":445.6791906446,"operational_cost":385.97,"carbon_saved_today":59.72,"social_impact_index":10,"governance_compliance":"Non-Compliant"},{"timestamp":"2025-04-06T18:00:00.000","hourly_revenue":0.0,"operational_cost":399.63,"carbon_saved_today":0.0,"social_impact_index":10,"governance_compliance":"Non-Compliant"},{"timestamp":"2025-04-06T19:00:00.000","hourly_revenue":0.0,"operational_cost":261.67,"carbon_saved_today":0.0,"social_impact_index":10,"governance_compliance":"Compliant"},{"timestamp":"2025-04-06T20:00:00.000","hourly_revenue":0.0,"operational_cost":272.52,"carbon_saved_today":0.0,"social_impact_index":10,"governance_compliance":"Compliant"},{"timestamp":"2025-04-06T21:00:00.000","hourly_revenue":0.0,"operational_cost":342.98,"carbon_saved_today":0.0,"social_impact_index":10,"governance_compliance":"Compliant"},{"timestamp":"2025-04-06T22:00:00.000","hourly_revenue":0.0,"operational_cost":280.64,"carbon_saved_today":0.0,"social_impact_index":10,"governance_compliance":"Compliant"},{"timestamp":"2025-04-06T23:00:00.000","hourly_revenue":0.0,"operational_cost":297.73,"carbon_saved_today":0.0,"social_impact_index":10,"governance_compliance":"Compliant"},{"timestamp":"2025-04-07T00:00:00.000","hourly_revenue":0.0,"operational_cost":301.27,"carbon_saved_today":0.0,"social_impact_index":8,"governance_compliance":"Compliant"},{"timestamp":"2025-04-07T01:00:00.000","hourly_revenue":0.0,"operational_cost":204.02,"carbon_saved_today":0.0,"social_impact_index":8,"governance_compliance":"Non-Compliant"},{"timestamp":"2025-04-07T02:00:00.000","hourly_revenue":0.0,"operational_cost":299.31,"carbon_saved_today":0.0,"social_impact_index":8,"governance_compliance":"Compliant"},{"timestamp":"2025-04-07T03:00:00.000","hourly_revenue":0.0,"operational_cost":265.51,"carbon_saved_today":0.0,"social_impact_index":8,"governance_compliance":"Compliant"},{"timestamp":"2025-04-07T04:00:00.000","hourly_revenue":0.0,"operational_cost":275.34,"carbon_saved_today":0.0,"social_impact_index":8,"governance_compliance":"Compliant"},{"timestamp":"2025-04-07T05:00:00.000","hourly_revenue":0.0,"operational_cost":372.18,"carbon_saved_today":0.0,"social_impact_index":8,"governance_compliance":"Compliant"},{"timestamp":"2025-04-07T06:00:00.000","hourly_revenue":0.0,"operational_cost":237.17,"carbon_saved_today":0.0,"social_impact_index":8,"governance_compliance":"Compliant"},{"timestamp":"2025-04-07T07:00:00.000","hourly_revenue":491.0272295201,"operational_cost":340.66,"carbon_saved_today":65.8,"social_impact_index":8,"governance_compliance":"Compliant"},{"timestamp":"2025-04-07T08:00:00.000","hourly_revenue":1084.0425682853,"operational_cost":286.05,"carbon_saved_today":145.26,"social_impact_index":8,"governance_compliance":"Compliant"},{"timestamp":"2025-04-07T09:00:00.000","hourly_revenue":1205.6059571051,"operational_cost":286.01,"carbon_saved_today":161.55,"social_impact_index":8,"governance_compliance":"Compliant"},{"timestamp":"2025-04-07T10:00:00.000","hourly_revenue":1552.9114871444,"operational_cost":339.52,"carbon_saved_today":208.09,"social_impact_index":8,"governance_compliance":"Compliant"},{"timestamp":"2025-04-07T11:00:00.000","hourly_revenue":2314.6826555711,"operational_cost":317.0,"carbon_saved_today":310.17,"social_impact_index":8,"governance_compliance":"Compliant"},{"timestamp":"2025-04-07T12:00:00.000","hourly_revenue":1513.0019235107,"operational_cost":328.53,"carbon_saved_today":202.74,"social_impact_index":8,"governance_compliance":"Compliant"},{"timestamp":"2025-04-07T13:00:00.000","hourly_revenue":1531.483637754,"operational_cost":348.41,"carbon_saved_today":205.22,"social_impact_index":8,"governance_compliance":"Compliant"},{"timestamp":"2025-04-07T14:00:00.000","hourly_revenue":1479.0728837307,"operational_cost":283.43,"carbon_saved_today":198.2,"social_impact_index":8,"governance_compliance":"Compliant"},{"timestamp":"2025-04-07T15:00:00.000","hourly_revenue":1079.4212730588,"operational_cost":269.39,"carbon_saved_today":144.64,"social_impact_index":8,"governance_compliance":"Compliant"},{"timestamp":"2025-04-07T16:00:00.000","hourly_revenue":840.7177175449,"operational_cost":245.74,"carbon_saved_today":112.66,"social_impact_index":8,"governance_compliance":"Compliant"},{"timestamp":"2025-04-07T17:00:00.000","hourly_revenue":539.130827719,"operational_cost":258.73,"carbon_saved_today":72.24,"social_impact_index":8,"governance_compliance":"Non-Compliant"},{"timestamp":"2025-04-07T18:00:00.000","hourly_revenue":0.0,"operational_cost":447.45,"carbon_saved_today":0.0,"social_impact_index":8,"governance_compliance":"Compliant"},{"timestamp":"2025-04-07T19:00:00.000","hourly_revenue":0.0,"operational_cost":362.23,"carbon_saved_today":0.0,"social_impact_index":8,"governance_compliance":"Compliant"},{"timestamp":"2025-04-07T20:00:00.000","hourly_revenue":0.0,"operational_cost":232.45,"carbon_saved_today":0.0,"social_impact_index":8,"governance_compliance":"Compliant"},{"timestamp":"2025-04-07T21:00:00.000","hourly_revenue":0.0,"operational_cost":233.88,"carbon_saved_today":0.0,"social_impact_index":8,"governance_compliance":"Compliant"},{"timestamp":"2025-04-07T22:00:00.000","hourly_revenue":0.0,"operational_cost":324.09,"carbon_saved_today":0.0,"social_impact_index":8,"governance_compliance":"Compliant"},{"timestamp":"2025-04-07T23:00:00.000","hourly_revenue":0.0,"operational_cost":327.36,"carbon_saved_today":0.0,"social_impact_index":8,"governance_compliance":"Compliant"},{"timestamp":"2025-04-08T00:00:00.000","hourly_revenue":0.0,"operational_cost":327.44,"carbon_saved_today":0.0,"social_impact_index":8,"governance_compliance":"Compliant"},{"timestamp":"2025-04-08T01:00:00.000","hourly_revenue":0.0,"operational_cost":287.25,"carbon_saved_today":0.0,"social_impact_index":8,"governance_compliance":"Compliant"},{"timestamp":"2025-04-08T02:00:00.000","hourly_revenue":0.0,"operational_cost":293.73,"carbon_saved_today":0.0,"social_impact_index":8,"governance_compliance":"Compliant"},{"timestamp":"2025-04-08T03:00:00.000","hourly_revenue":0.0,"operational_cost":316.39,"carbon_saved_today":0.0,"social_impact_index":8,"governance_compliance":"Compliant"},{"timestamp":"2025-04-08T04:00:00.000","hourly_revenue":0.0,"operational_cost":304.29,"carbon_saved_today":0.0,"social_impact_index":8,"governance_compliance":"Compliant"},{"timestamp":"2025-04-08T05:00:00.000","hourly_revenue":0.0,"operational_cost":189.03,"carbon_saved_today":0.0,"social_impact_index":8,"governance_compliance":"Compliant"},{"timestamp":"2025-04-08T06:00:00.000","hourly_revenue":0.0,"operational_cost":288.51,"carbon_saved_today":0.0,"social_impact_index":8,"governance_compliance":"Compliant"},{"timestamp":"2025-04-08T07:00:00.000","hourly_revenue":633.7063468861,"operational_cost":257.43,"carbon_saved_today":84.92,"social_impact_index":8,"governance_compliance":"Compliant"},{"timestamp":"2025-04-08T08:00:00.000","hourly_revenue":1131.8028970799,"operational_cost":308.76,"carbon_saved_today":151.66,"social_impact_index":8,"governance_compliance":"Compliant"},{"timestamp":"2025-04-08T09:00:00.000","hourly_revenue":1159.7351484979,"operational_cost":449.26,"carbon_saved_today":155.4,"social_impact_index":8,"governance_compliance":"Compliant"},{"timestamp":"2025-04-08T10:00:00.000","hourly_revenue":2051.1534351775,"operational_cost":318.37,"carbon_saved_today":274.85,"social_impact_index":8,"governance_compliance":"Compliant"},{"timestamp":"2025-04-08T11:00:00.000","hourly_revenue":1919.7111223618,"operational_cost":284.32,"carbon_saved_today":257.24,"social_impact_index":8,"governance_compliance":"Compliant"},{"timestamp":"2025-04-08T12:00:00.000","hourly_revenue":2394.5522268941,"operational_cost":346.09,"carbon_saved_today":320.87,"social_impact_index":8,"governance_compliance":"Compliant"},{"timestamp":"2025-04-08T13:00:00.000","hourly_revenue":2221.4895884462,"operational_cost":324.13,"carbon_saved_today":297.68,"social_impact_index":8,"governance_compliance":"Compliant"},{"timestamp":"2025-04-08T14:00:00.000","hourly_revenue":1667.2838025792,"operational_cost":321.0,"carbon_saved_today":223.42,"social_impact_index":8,"governance_compliance":"Compliant"},{"timestamp":"2025-04-08T15:00:00.000","hourly_revenue":1076.5483720615,"operational_cost":330.34,"carbon_saved_today":144.26,"social_impact_index":8,"governance_compliance":"Compliant"},{"timestamp":"2025-04-08T16:00:00.000","hourly_revenue":884.3386796925,"operational_cost":402.83,"carbon_saved_today":118.5,"social_impact_index":8,"governance_compliance":"Compliant"},{"timestamp":"2025-04-08T17:00:00.000","hourly_revenue":528.4138178872,"operational_cost":243.46,"carbon_saved_today":70.81,"social_impact_index":8,"governance_compliance":"Compliant"},{"timestamp":"2025-04-08T18:00:00.000","hourly_revenue":0.0,"operational_cost":323.68,"carbon_saved_today":0.0,"social_impact_index":8,"governance_compliance":"Compliant"},{"timestamp":"2025-04-08T19:00:00.000","hourly_revenue":0.0,"operational_cost":253.68,"carbon_saved_today":0.0,"social_impact_index":8,"governance_compliance":"Compliant"},{"timestamp":"2025-04-08T20:00:00.000","hourly_revenue":0.0,"operational_cost":327.78,"carbon_saved_today":0.0,"social_impact_index":8,"governance_compliance":"Compliant"},{"timestamp":"2025-04-08T21:00:00.000","hourly_revenue":0.0,"operational_cost":254.07,"carbon_saved_today":0.0,"social_impact_index":8,"governance_compliance":"Compliant"},{"timestamp":"2025-04-08T22:00:00.000","hourly_revenue":0.0,"operational_cost":279.13,"carbon_saved_today":0.0,"social_impact_index":8,"governance_compliance":"Compliant"},{"timestamp":"2025-04-08T23:00:00.000","hourly_revenue":0.0,"operational_cost":285.25,"carbon_saved_today":0.0,"social_impact_index":8,"governance_compliance":"Compliant"},{"timestamp":"2025-04-09T00:00:00.000","hourly_revenue":0.0,"operational_cost":348.79,"carbon_saved_today":0.0,"social_impact_index":5,"governance_compliance":"Compliant"},{"timestamp":"2025-04-09T01:00:00.000","hourly_revenue":0.0,"operational_cost":345.92,"carbon_saved_today":0.0,"social_impact_index":5,"governance_compliance":"Compliant"},{"timestamp":"2025-04-09T02:00:00.000","hourly_revenue":0.0,"operational_cost":237.71,"carbon_saved_today":0.0,"social_impact_index":5,"governance_compliance":"Compliant"},{"timestamp":"2025-04-09T03:00:00.000","hourly_revenue":0.0,"operational_cost":302.75,"carbon_saved_today":0.0,"social_impact_index":5,"governance_compliance":"Compliant"},{"timestamp":"2025-04-09T04:00:00.000","hourly_revenue":0.0,"operational_cost":264.52,"carbon_saved_today":0.0,"social_impact_index":5,"governance_compliance":"Compliant"},{"timestamp":"2025-04-09T05:00:00.000","hourly_revenue":0.0,"operational_cost":237.07,"carbon_saved_today":0.0,"social_impact_index":5,"governance_compliance":"Compliant"},{"timestamp":"2025-04-09T06:00:00.000","hourly_revenue":0.0,"operational_cost":289.15,"carbon_saved_today":0.0,"social_impact_index":5,"governance_compliance":"Compliant"},{"timestamp":"2025-04-09T07:00:00.000","hourly_revenue":531.6603890817,"operational_cost":284.58,"carbon_saved_today":71.24,"social_impact_index":5,"governance_compliance":"Compliant"},{"timestamp":"2025-04-09T08:00:00.000","hourly_revenue":1075.7101941759,"operational_cost":421.34,"carbon_saved_today":144.15,"social_impact_index":5,"governance_compliance":"Compliant"},{"timestamp":"2025-04-09T09:00:00.000","hourly_revenue":1647.3762278151,"operational_cost":321.65,"carbon_saved_today":220.75,"social_impact_index":5,"governance_compliance":"Compliant"},{"timestamp":"2025-04-09T10:00:00.000","hourly_revenue":1034.462919632,"operational_cost":231.12,"carbon_saved_today":138.62,"social_impact_index":5,"governance_compliance":"Compliant"},{"timestamp":"2025-04-09T11:00:00.000","hourly_revenue":1021.6569260214,"operational_cost":271.76,"carbon_saved_today":136.9,"social_impact_index":5,"governance_compliance":"Compliant"},{"timestamp":"2025-04-09T12:00:00.000","hourly_revenue":1145.8199410482,"operational_cost":351.07,"carbon_saved_today":153.54,"social_impact_index":5,"governance_compliance":"Compliant"},{"timestamp":"2025-04-09T13:00:00.000","hourly_revenue":1622.7679928154,"operational_cost":404.42,"carbon_saved_today":217.45,"social_impact_index":5,"governance_compliance":"Compliant"},{"timestamp":"2025-04-09T14:00:00.000","hourly_revenue":1439.0943790727,"operational_cost":220.7,"carbon_saved_today":192.84,"social_impact_index":5,"governance_compliance":"Compliant"},{"timestamp":"2025-04-09T15:00:00.000","hourly_revenue":1038.1665192459,"operational_cost":206.0,"carbon_saved_today":139.11,"social_impact_index":5,"governance_compliance":"Compliant"},{"timestamp":"2025-04-09T16:00:00.000","hourly_revenue":1050.2584302168,"operational_cost":393.55,"carbon_saved_today":140.73,"social_impact_index":5,"governance_compliance":"Compliant"},{"timestamp":"2025-04-09T17:00:00.000","hourly_revenue":560.352724718,"operational_cost":319.48,"carbon_saved_today":75.09,"social_impact_index":5,"governance_compliance":"Compliant"},{"timestamp":"2025-04-09T18:00:00.000","hourly_revenue":0.0,"operational_cost":256.59,"carbon_saved_today":0.0,"social_impact_index":5,"governance_compliance":"Compliant"},{"timestamp":"2025-04-09T19:00:00.000","hourly_revenue":0.0,"operational_cost":326.73,"carbon_saved_today":0.0,"social_impact_index":5,"governance_compliance":"Compliant"},{"timestamp":"2025-04-09T20:00:00.000","hourly_revenue":0.0,"operational_cost":168.21,"carbon_saved_today":0.0,"social_impact_index":5,"governance_compliance":"Compliant"},{"timestamp":"2025-04-09T21:00:00.000","hourly_revenue":0.0,"operational_cost":300.17,"carbon_saved_today":0.0,"social_impact_index":5,"governance_compliance":"Compliant"},{"timestamp":"2025-04-09T22:00:00.000","hourly_revenue":0.0,"operational_cost":316.39,"carbon_saved_today":0.0,"social_impact_index":5,"governance_compliance":"Compliant"},{"timestamp":"2025-04-09T23:00:00.000","hourly_revenue":0.0,"operational_cost":346.21,"carbon_saved_today":0.0,"social_impact_index":5,"governance_compliance":"Compliant"},{"timestamp":"2025-04-10T00:00:00.000","hourly_revenue":0.0,"operational_cost":249.31,"carbon_saved_today":0.0,"social_impact_index":5,"governance_compliance":"Compliant"},{"timestamp":"2025-04-10T01:00:00.000","hourly_revenue":0.0,"operational_cost":304.28,"carbon_saved_today":0.0,"social_impact_index":5,"governance_compliance":"Compliant"},{"timestamp":"2025-04-10T02:00:00.000","hourly_revenue":0.0,"operational_cost":253.73,"carbon_saved_today":0.0,"social_impact_index":5,"governance_compliance":"Compliant"},{"timestamp":"2025-04-10T03:00:00.000","hourly_revenue":0.0,"operational_cost":312.77,"carbon_saved_today":0.0,"social_impact_index":5,"governance_compliance":"Compliant"},{"timestamp":"2025-04-10T04:00:00.000","hourly_revenue":0.0,"operational_cost":255.23,"carbon_saved_today":0.0,"social_impact_index":5,"governance_compliance":"Compliant"},{"timestamp":"2025-04-10T05:00:00.000","hourly_revenue":0.0,"operational_cost":279.59,"carbon_saved_today":0.0,"social_impact_index":5,"governance_compliance":"Compliant"},{"timestamp":"2025-04-10T06:00:00.000","hourly_revenue":0.0,"operational_cost":250.21,"carbon_saved_today":0.0,"social_impact_index":5,"governance_compliance":"Compliant"},{"timestamp":"2025-04-10T07:00:00.000","hourly_revenue":480.2834404983,"operational_cost":332.56,"carbon_saved_today":64.36,"social_impact_index":5,"governance_compliance":"Compliant"},{"timestamp":"2025-04-10T08:00:00.000","hourly_revenue":1109.5229525921,"operational_cost":342.92,"carbon_saved_today":148.68,"social_impact_index":5,"governance_compliance":"Compliant"},{"timestamp":"2025-04-10T09:00:00.000","hourly_revenue":1270.7569517347,"operational_cost":288.27,"carbon_saved_today":170.28,"social_impact_index":5,"governance_compliance":"Compliant"},{"timestamp":"2025-04-10T10:00:00.000","hourly_revenue":1252.6912390966,"operational_cost":301.91,"carbon_saved_today":167.86,"social_impact_index":5,"governance_compliance":"Non-Compliant"},{"timestamp":"2025-04-10T11:00:00.000","hourly_revenue":1336.1026822731,"operational_cost":227.57,"carbon_saved_today":179.04,"social_impact_index":5,"governance_compliance":"Compliant"},{"timestamp":"2025-04-10T12:00:00.000","hourly_revenue":1514.5698157539,"operational_cost":285.02,"carbon_saved_today":202.95,"social_impact_index":5,"governance_compliance":"Compliant"},{"timestamp":"2025-04-10T13:00:00.000","hourly_revenue":1647.6577456381,"operational_cost":297.49,"carbon_saved_today":220.79,"social_impact_index":5,"governance_compliance":"Compliant"},{"timestamp":"2025-04-10T14:00:00.000","hourly_revenue":1353.4249063751,"operational_cost":431.04,"carbon_saved_today":181.36,"social_impact_index":5,"governance_compliance":"Compliant"},{"timestamp":"2025-04-10T15:00:00.000","hourly_revenue":848.8521797225,"operational_cost":244.4,"carbon_saved_today":113.75,"social_impact_index":5,"governance_compliance":"Compliant"},{"timestamp":"2025-04-10T16:00:00.000","hourly_revenue":765.5915675306,"operational_cost":373.21,"carbon_saved_today":102.59,"social_impact_index":5,"governance_compliance":"Compliant"},{"timestamp":"2025-04-10T17:00:00.000","hourly_revenue":456.1074971642,"operational_cost":349.84,"carbon_saved_today":61.12,"social_impact_index":5,"governance_compliance":"Compliant"},{"timestamp":"2025-04-10T18:00:00.000","hourly_revenue":0.0,"operational_cost":314.03,"carbon_saved_today":0.0,"social_impact_index":5,"governance_compliance":"Compliant"},{"timestamp":"2025-04-10T19:00:00.000","hourly_revenue":0.0,"operational_cost":387.93,"carbon_saved_today":0.0,"social_impact_index":5,"governance_compliance":"Compliant"},{"timestamp":"2025-04-10T20:00:00.000","hourly_revenue":0.0,"operational_cost":318.61,"carbon_saved_today":0.0,"social_impact_index":5,"governance_compliance":"Compliant"},{"timestamp":"2025-04-10T21:00:00.000","hourly_revenue":0.0,"operational_cost":319.46,"carbon_saved_today":0.0,"social_impact_index":5,"governance_compliance":"Compliant"},{"timestamp":"2025-04-10T22:00:00.000","hourly_revenue":0.0,"operational_cost":297.34,"carbon_saved_today":0.0,"social_impact_index":5,"governance_compliance":"Compliant"},{"timestamp":"2025-04-10T23:00:00.000","hourly_revenue":0.0,"operational_cost":361.18,"carbon_saved_today":0.0,"social_impact_index":5,"governance_compliance":"Compliant"},{"timestamp":"2025-04-11T00:00:00.000","hourly_revenue":0.0,"operational_cost":354.82,"carbon_saved_today":0.0,"social_impact_index":8,"governance_compliance":"Compliant"},{"timestamp":"2025-04-11T01:00:00.000","hourly_revenue":0.0,"operational_cost":268.72,"carbon_saved_today":0.0,"social_impact_index":8,"governance_compliance":"Compliant"},{"timestamp":"2025-04-11T02:00:00.000","hourly_revenue":0.0,"operational_cost":234.04,"carbon_saved_today":0.0,"social_impact_index":8,"governance_compliance":"Non-Compliant"},{"timestamp":"2025-04-11T03:00:00.000","hourly_revenue":0.0,"operational_cost":289.85,"carbon_saved_today":0.0,"social_impact_index":8,"governance_compliance":"Compliant"},{"timestamp":"2025-04-11T04:00:00.000","hourly_revenue":0.0,"operational_cost":260.0,"carbon_saved_today":0.0,"social_impact_index":8,"governance_compliance":"Compliant"},{"timestamp":"2025-04-11T05:00:00.000","hourly_revenue":0.0,"operational_cost":296.82,"carbon_saved_today":0.0,"social_impact_index":8,"governance_compliance":"Compliant"},{"timestamp":"2025-04-11T06:00:00.000","hourly_revenue":0.0,"operational_cost":361.87,"carbon_saved_today":0.0,"social_impact_index":8,"governance_compliance":"Compliant"},{"timestamp":"2025-04-11T07:00:00.000","hourly_revenue":600.2278473555,"operational_cost":277.13,"carbon_saved_today":80.43,"social_impact_index":8,"governance_compliance":"Compliant"},{"timestamp":"2025-04-11T08:00:00.000","hourly_revenue":1149.7079394845,"operational_cost":297.86,"carbon_saved_today":154.06,"social_impact_index":8,"governance_compliance":"Compliant"},{"timestamp":"2025-04-11T09:00:00.000","hourly_revenue":1551.8847571873,"operational_cost":302.9,"carbon_saved_today":207.95,"social_impact_index":8,"governance_compliance":"Compliant"},{"timestamp":"2025-04-11T10:00:00.000","hourly_revenue":1534.7227080342,"operational_cost":342.42,"carbon_saved_today":205.65,"social_impact_index":8,"governance_compliance":"Compliant"},{"timestamp":"2025-04-11T11:00:00.000","hourly_revenue":2019.0077840303,"operational_cost":187.66,"carbon_saved_today":270.55,"social_impact_index":8,"governance_compliance":"Compliant"},{"timestamp":"2025-04-11T12:00:00.000","hourly_revenue":1860.97389694,"operational_cost":269.66,"carbon_saved_today":249.37,"social_impact_index":8,"governance_compliance":"Compliant"},{"timestamp":"2025-04-11T13:00:00.000","hourly_revenue":1537.3502292849,"operational_cost":310.56,"carbon_saved_today":206.0,"social_impact_index":8,"governance_compliance":"Compliant"},{"timestamp":"2025-04-11T14:00:00.000","hourly_revenue":2093.4549652633,"operational_cost":360.0,"carbon_saved_today":280.52,"social_impact_index":8,"governance_compliance":"Compliant"},{"timestamp":"2025-04-11T15:00:00.000","hourly_revenue":1157.4055534953,"operational_cost":275.4,"carbon_saved_today":155.09,"social_impact_index":8,"governance_compliance":"Compliant"},{"timestamp":"2025-04-11T16:00:00.000","hourly_revenue":1225.1186769104,"operational_cost":206.17,"carbon_saved_today":164.17,"social_impact_index":8,"governance_compliance":"Compliant"},{"timestamp":"2025-04-11T17:00:00.000","hourly_revenue":503.663355921,"operational_cost":330.99,"carbon_saved_today":67.49,"social_impact_index":8,"governance_compliance":"Compliant"},{"timestamp":"2025-04-11T18:00:00.000","hourly_revenue":0.0,"operational_cost":268.23,"carbon_saved_today":0.0,"social_impact_index":8,"governance_compliance":"Compliant"},{"timestamp":"2025-04-11T19:00:00.000","hourly_revenue":0.0,"operational_cost":240.52,"carbon_saved_today":0.0,"social_impact_index":8,"governance_compliance":"Compliant"},{"timestamp":"2025-04-11T20:00:00.000","hourly_revenue":0.0,"operational_cost":268.78,"carbon_saved_today":0.0,"social_impact_index":8,"governance_compliance":"Compliant"},{"timestamp":"2025-04-11T21:00:00.000","hourly_revenue":0.0,"operational_cost":290.77,"carbon_saved_today":0.0,"social_impact_index":8,"governance_compliance":"Compliant"},{"timestamp":"2025-04-11T22:00:00.000","hourly_revenue":0.0,"operational_cost":269.76,"carbon_saved_today":0.0,"social_impact_index":8,"governance_compliance":"Compliant"},{"timestamp":"2025-04-11T23:00:00.000","hourly_revenue":0.0,"operational_cost":189.72,"carbon_saved_today":0.0,"social_impact_index":8,"governance_compliance":"Compliant"},{"timestamp":"2025-04-12T00:00:00.000","hourly_revenue":0.0,"operational_cost":344.85,"carbon_saved_today":0.0,"social_impact_index":10,"governance_compliance":"Partial"},{"timestamp":"2025-04-12T01:00:00.000","hourly_revenue":0.0,"operational_cost":363.74,"carbon_saved_today":0.0,"social_impact_index":10,"governance_compliance":"Partial"},{"timestamp":"2025-04-12T02:00:00.000","hourly_revenue":0.0,"operational_cost":332.58,"carbon_saved_today":0.0,"social_impact_index":10,"governance_compliance":"Partial"},{"timestamp":"2025-04-12T03:00:00.000","hourly_revenue":0.0,"operational_cost":243.12,"carbon_saved_today":0.0,"social_impact_index":10,"governance_compliance":"Partial"},{"timestamp":"2025-04-12T04:00:00.000","hourly_revenue":0.0,"operational_cost":289.93,"carbon_saved_today":0.0,"social_impact_index":10,"governance_compliance":"Partial"},{"timestamp":"2025-04-12T05:00:00.000","hourly_revenue":0.0,"operational_cost":299.67,"carbon_saved_today":0.0,"social_impact_index":10,"governance_compliance":"Partial"},{"timestamp":"2025-04-12T06:00:00.000","hourly_revenue":0.0,"operational_cost":329.94,"carbon_saved_today":0.0,"social_impact_index":10,"governance_compliance":"Partial"},{"timestamp":"2025-04-12T07:00:00.000","hourly_revenue":0.0,"operational_cost":333.42,"carbon_saved_today":0.0,"social_impact_index":10,"governance_compliance":"Partial"},{"timestamp":"2025-04-12T08:00:00.000","hourly_revenue":0.0,"operational_cost":263.29,"carbon_saved_today":0.0,"social_impact_index":10,"governance_compliance":"Partial"},{"timestamp":"2025-04-12T09:00:00.000","hourly_revenue":0.0,"operational_cost":304.1,"carbon_saved_today":0.0,"social_impact_index":10,"governance_compliance":"Partial"},{"timestamp":"2025-04-12T10:00:00.000","hourly_revenue":0.0,"operational_cost":322.86,"carbon_saved_today":0.0,"social_impact_index":10,"governance_compliance":"Partial"},{"timestamp":"2025-04-12T11:00:00.000","hourly_revenue":0.0,"operational_cost":372.79,"carbon_saved_today":0.0,"social_impact_index":10,"governance_compliance":"Partial"},{"timestamp":"2025-04-12T12:00:00.000","hourly_revenue":0.0,"operational_cost":335.23,"carbon_saved_today":0.0,"social_impact_index":10,"governance_compliance":"Partial"},{"timestamp":"2025-04-12T13:00:00.000","hourly_revenue":0.0,"operational_cost":339.45,"carbon_saved_today":0.0,"social_impact_index":10,"governance_compliance":"Partial"},{"timestamp":"2025-04-12T14:00:00.000","hourly_revenue":0.0,"operational_cost":304.19,"carbon_saved_today":0.0,"social_impact_index":10,"governance_compliance":"Partial"},{"timestamp":"2025-04-12T15:00:00.000","hourly_revenue":0.0,"operational_cost":370.52,"carbon_saved_today":0.0,"social_impact_index":10,"governance_compliance":"Partial"},{"timestamp":"2025-04-12T16:00:00.000","hourly_revenue":0.0,"operational_cost":320.49,"carbon_saved_today":0.0,"social_impact_index":10,"governance_compliance":"Partial"},{"timestamp":"2025-04-12T17:00:00.000","hourly_revenue":0.0,"operational_cost":256.95,"carbon_saved_today":0.0,"social_impact_index":10,"governance_compliance":"Partial"},{"timestamp":"2025-04-12T18:00:00.000","hourly_revenue":0.0,"operational_cost":370.17,"carbon_saved_today":0.0,"social_impact_index":10,"governance_compliance":"Partial"},{"timestamp":"2025-04-12T19:00:00.000","hourly_revenue":0.0,"operational_cost":334.9,"carbon_saved_today":0.0,"social_impact_index":10,"governance_compliance":"Partial"},{"timestamp":"2025-04-12T20:00:00.000","hourly_revenue":0.0,"operational_cost":277.85,"carbon_saved_today":0.0,"social_impact_index":10,"governance_compliance":"Partial"},{"timestamp":"2025-04-12T21:00:00.000","hourly_revenue":0.0,"operational_cost":276.03,"carbon_saved_today":0.0,"social_impact_index":10,"governance_compliance":"Partial"},{"timestamp":"2025-04-12T22:00:00.000","hourly_revenue":0.0,"operational_cost":314.83,"carbon_saved_today":0.0,"social_impact_index":10,"governance_compliance":"Partial"},{"timestamp":"2025-04-12T23:00:00.000","hourly_revenue":0.0,"operational_cost":323.16,"carbon_saved_today":0.0,"social_impact_index":10,"governance_compliance":"Partial"},{"timestamp":"2025-04-13T00:00:00.000","hourly_revenue":0.0,"operational_cost":309.86,"carbon_saved_today":0.0,"social_impact_index":10,"governance_compliance":"Compliant"},{"timestamp":"2025-04-13T01:00:00.000","hourly_revenue":0.0,"operational_cost":315.57,"carbon_saved_today":0.0,"social_impact_index":10,"governance_compliance":"Compliant"},{"timestamp":"2025-04-13T02:00:00.000","hourly_revenue":0.0,"operational_cost":385.0,"carbon_saved_today":0.0,"social_impact_index":10,"governance_compliance":"Non-Compliant"},{"timestamp":"2025-04-13T03:00:00.000","hourly_revenue":0.0,"operational_cost":353.58,"carbon_saved_today":0.0,"social_impact_index":10,"governance_compliance":"Compliant"},{"timestamp":"2025-04-13T04:00:00.000","hourly_revenue":0.0,"operational_cost":309.53,"carbon_saved_today":0.0,"social_impact_index":10,"governance_compliance":"Compliant"},{"timestamp":"2025-04-13T05:00:00.000","hourly_revenue":0.0,"operational_cost":347.07,"carbon_saved_today":0.0,"social_impact_index":10,"governance_compliance":"Compliant"},{"timestamp":"2025-04-13T06:00:00.000","hourly_revenue":0.0,"operational_cost":248.37,"carbon_saved_today":0.0,"social_impact_index":10,"governance_compliance":"Compliant"},{"timestamp":"2025-04-13T07:00:00.000","hourly_revenue":398.4329773236,"operational_cost":319.9,"carbon_saved_today":53.39,"social_impact_index":10,"governance_compliance":"Compliant"},{"timestamp":"2025-04-13T08:00:00.000","hourly_revenue":1102.7875862578,"operational_cost":390.47,"carbon_saved_today":147.77,"social_impact_index":10,"governance_compliance":"Compliant"},{"timestamp":"2025-04-13T09:00:00.000","hourly_revenue":1714.9095313059,"operational_cost":289.1,"carbon_saved_today":229.8,"social_impact_index":10,"governance_compliance":"Compliant"},{"timestamp":"2025-04-13T10:00:00.000","hourly_revenue":1455.4209418541,"operational_cost":257.62,"carbon_saved_today":195.03,"social_impact_index":10,"governance_compliance":"Compliant"},{"timestamp":"2025-04-13T11:00:00.000","hourly_revenue":1997.4817055421,"operational_cost":267.4,"carbon_saved_today":267.66,"social_impact_index":10,"governance_compliance":"Compliant"},{"timestamp":"2025-04-13T12:00:00.000","hourly_revenue":2415.488297588,"operational_cost":245.52,"carbon_saved_today":323.68,"social_impact_index":10,"governance_compliance":"Compliant"},{"timestamp":"2025-04-13T13:00:00.000","hourly_revenue":1481.6780368483,"operational_cost":260.76,"carbon_saved_today":198.54,"social_impact_index":10,"governance_compliance":"Compliant"},{"timestamp":"2025-04-13T14:00:00.000","hourly_revenue":1903.0217742266,"operational_cost":281.47,"carbon_saved_today":255.0,"social_impact_index":10,"governance_compliance":"Compliant"},{"timestamp":"2025-04-13T15:00:00.000","hourly_revenue":1270.917671272,"operational_cost":229.72,"carbon_saved_today":170.3,"social_impact_index":10,"governance_compliance":"Non-Compliant"},{"timestamp":"2025-04-13T16:00:00.000","hourly_revenue":1212.1980976883,"operational_cost":300.78,"carbon_saved_today":162.43,"social_impact_index":10,"governance_compliance":"Compliant"},{"timestamp":"2025-04-13T17:00:00.000","hourly_revenue":639.5569354064,"operational_cost":345.11,"carbon_saved_today":85.7,"social_impact_index":10,"governance_compliance":"Compliant"},{"timestamp":"2025-04-13T18:00:00.000","hourly_revenue":0.0,"operational_cost":254.61,"carbon_saved_today":0.0,"social_impact_index":10,"governance_compliance":"Compliant"},{"timestamp":"2025-04-13T19:00:00.000","hourly_revenue":0.0,"operational_cost":375.96,"carbon_saved_today":0.0,"social_impact_index":10,"governance_compliance":"Compliant"},{"timestamp":"2025-04-13T20:00:00.000","hourly_revenue":0.0,"operational_cost":325.54,"carbon_saved_today":0.0,"social_impact_index":10,"governance_compliance":"Compliant"},{"timestamp":"2025-04-13T21:00:00.000","hourly_revenue":0.0,"operational_cost":351.53,"carbon_saved_today":0.0,"social_impact_index":10,"governance_compliance":"Compliant"},{"timestamp":"2025-04-13T22:00:00.000","hourly_revenue":0.0,"operational_cost":267.11,"carbon_saved_today":0.0,"social_impact_index":10,"governance_compliance":"Compliant"},{"timestamp":"2025-04-13T23:00:00.000","hourly_revenue":0.0,"operational_cost":342.73,"carbon_saved_today":0.0,"social_impact_index":10,"governance_compliance":"Compliant"},{"timestamp":"2025-04-14T00:00:00.000","hourly_revenue":0.0,"operational_cost":245.4,"carbon_saved_today":0.0,"social_impact_index":5,"governance_compliance":"Compliant"},{"timestamp":"2025-04-14T01:00:00.000","hourly_revenue":0.0,"operational_cost":344.51,"carbon_saved_today":0.0,"social_impact_index":5,"governance_compliance":"Compliant"},{"timestamp":"2025-04-14T02:00:00.000","hourly_revenue":0.0,"operational_cost":308.59,"carbon_saved_today":0.0,"social_impact_index":5,"governance_compliance":"Compliant"},{"timestamp":"2025-04-14T03:00:00.000","hourly_revenue":0.0,"operational_cost":327.66,"carbon_saved_today":0.0,"social_impact_index":5,"governance_compliance":"Compliant"},{"timestamp":"2025-04-14T04:00:00.000","hourly_revenue":0.0,"operational_cost":241.22,"carbon_saved_today":0.0,"social_impact_index":5,"governance_compliance":"Compliant"},{"timestamp":"2025-04-14T05:00:00.000","hourly_revenue":0.0,"operational_cost":255.25,"carbon_saved_today":0.0,"social_impact_index":5,"governance_compliance":"Compliant"},{"timestamp":"2025-04-14T06:00:00.000","hourly_revenue":0.0,"operational_cost":329.86,"carbon_saved_today":0.0,"social_impact_index":5,"governance_compliance":"Compliant"},{"timestamp":"2025-04-14T07:00:00.000","hourly_revenue":575.8120113829,"operational_cost":252.58,"carbon_saved_today":77.16,"social_impact_index":5,"governance_compliance":"Compliant"},{"timestamp":"2025-04-14T08:00:00.000","hourly_revenue":782.6781703995,"operational_cost":323.16,"carbon_saved_today":104.88,"social_impact_index":5,"governance_compliance":"Compliant"},{"timestamp":"2025-04-14T09:00:00.000","hourly_revenue":1283.6041077024,"operational_cost":231.64,"carbon_saved_today":172.0,"social_impact_index":5,"governance_compliance":"Compliant"},{"timestamp":"2025-04-14T10:00:00.000","hourly_revenue":1236.3758889959,"operational_cost":342.41,"carbon_saved_today":165.67,"social_impact_index":5,"governance_compliance":"Compliant"},{"timestamp":"2025-04-14T11:00:00.000","hourly_revenue":1548.8680660576,"operational_cost":238.37,"carbon_saved_today":207.55,"social_impact_index":5,"governance_compliance":"Compliant"},{"timestamp":"2025-04-14T12:00:00.000","hourly_revenue":1273.1267520524,"operational_cost":327.61,"carbon_saved_today":170.6,"social_impact_index":5,"governance_compliance":"Compliant"},{"timestamp":"2025-04-14T13:00:00.000","hourly_revenue":1437.41736907,"operational_cost":331.28,"carbon_saved_today":192.61,"social_impact_index":5,"governance_compliance":"Compliant"},{"timestamp":"2025-04-14T14:00:00.000","hourly_revenue":1446.4221399859,"operational_cost":265.16,"carbon_saved_today":193.82,"social_impact_index":5,"governance_compliance":"Compliant"},{"timestamp":"2025-04-14T15:00:00.000","hourly_revenue":1047.2988458987,"operational_cost":329.1,"carbon_saved_today":140.34,"social_impact_index":5,"governance_compliance":"Compliant"},{"timestamp":"2025-04-14T16:00:00.000","hourly_revenue":866.4797373768,"operational_cost":313.02,"carbon_saved_today":116.11,"social_impact_index":5,"governance_compliance":"Compliant"},{"timestamp":"2025-04-14T17:00:00.000","hourly_revenue":394.543954636,"operational_cost":273.06,"carbon_saved_today":52.87,"social_impact_index":5,"governance_compliance":"Compliant"},{"timestamp":"2025-04-14T18:00:00.000","hourly_revenue":0.0,"operational_cost":249.57,"carbon_saved_today":0.0,"social_impact_index":5,"governance_compliance":"Compliant"},{"timestamp":"2025-04-14T19:00:00.000","hourly_revenue":0.0,"operational_cost":201.87,"carbon_saved_today":0.0,"social_impact_index":5,"governance_compliance":"Compliant"},{"timestamp":"2025-04-14T20:00:00.000","hourly_revenue":0.0,"operational_cost":317.48,"carbon_saved_today":0.0,"social_impact_index":5,"governance_compliance":"Compliant"},{"timestamp":"2025-04-14T21:00:00.000","hourly_revenue":0.0,"operational_cost":221.76,"carbon_saved_today":0.0,"social_impact_index":5,"governance_compliance":"Compliant"},{"timestamp":"2025-04-14T22:00:00.000","hourly_revenue":0.0,"operational_cost":304.77,"carbon_saved_today":0.0,"social_impact_index":5,"governance_compliance":"Compliant"},{"timestamp":"2025-04-14T23:00:00.000","hourly_revenue":0.0,"operational_cost":286.83,"carbon_saved_today":0.0,"social_impact_index":5,"governance_compliance":"Non-Compliant"},{"timestamp":"2025-04-15T00:00:00.000","hourly_revenue":0.0,"operational_cost":333.96,"carbon_saved_today":0.0,"social_impact_index":8,"governance_compliance":"Compliant"},{"timestamp":"2025-04-15T01:00:00.000","hourly_revenue":0.0,"operational_cost":284.9,"carbon_saved_today":0.0,"social_impact_index":8,"governance_compliance":"Compliant"},{"timestamp":"2025-04-15T02:00:00.000","hourly_revenue":0.0,"operational_cost":283.53,"carbon_saved_today":0.0,"social_impact_index":8,"governance_compliance":"Compliant"},{"timestamp":"2025-04-15T03:00:00.000","hourly_revenue":0.0,"operational_cost":336.59,"carbon_saved_today":0.0,"social_impact_index":8,"governance_compliance":"Non-Compliant"},{"timestamp":"2025-04-15T04:00:00.000","hourly_revenue":0.0,"operational_cost":316.75,"carbon_saved_today":0.0,"social_impact_index":8,"governance_compliance":"Non-Compliant"},{"timestamp":"2025-04-15T05:00:00.000","hourly_revenue":0.0,"operational_cost":315.81,"carbon_saved_today":0.0,"social_impact_index":8,"governance_compliance":"Compliant"},{"timestamp":"2025-04-15T06:00:00.000","hourly_revenue":0.0,"operational_cost":323.46,"carbon_saved_today":0.0,"social_impact_index":8,"governance_compliance":"Compliant"},{"timestamp":"2025-04-15T07:00:00.000","hourly_revenue":642.9281114531,"operational_cost":223.22,"carbon_saved_today":86.15,"social_impact_index":8,"governance_compliance":"Compliant"},{"timestamp":"2025-04-15T08:00:00.000","hourly_revenue":1134.1367069323,"operational_cost":337.84,"carbon_saved_today":151.97,"social_impact_index":8,"governance_compliance":"Compliant"},{"timestamp":"2025-04-15T09:00:00.000","hourly_revenue":1356.0658964048,"operational_cost":330.62,"carbon_saved_today":181.71,"social_impact_index":8,"governance_compliance":"Compliant"},{"timestamp":"2025-04-15T10:00:00.000","hourly_revenue":1663.9439737111,"operational_cost":249.17,"carbon_saved_today":222.97,"social_impact_index":8,"governance_compliance":"Compliant"},{"timestamp":"2025-04-15T11:00:00.000","hourly_revenue":2161.338533552,"operational_cost":287.8,"carbon_saved_today":289.62,"social_impact_index":8,"governance_compliance":"Compliant"},{"timestamp":"2025-04-15T12:00:00.000","hourly_revenue":1738.7771457683,"operational_cost":298.03,"carbon_saved_today":233.0,"social_impact_index":8,"governance_compliance":"Compliant"},{"timestamp":"2025-04-15T13:00:00.000","hourly_revenue":1555.5985384436,"operational_cost":293.28,"carbon_saved_today":208.45,"social_impact_index":8,"governance_compliance":"Compliant"},{"timestamp":"2025-04-15T14:00:00.000","hourly_revenue":1606.1499029384,"operational_cost":316.69,"carbon_saved_today":215.22,"social_impact_index":8,"governance_compliance":"Compliant"},{"timestamp":"2025-04-15T15:00:00.000","hourly_revenue":1263.7688105996,"operational_cost":371.57,"carbon_saved_today":169.35,"social_impact_index":8,"governance_compliance":"Compliant"},{"timestamp":"2025-04-15T16:00:00.000","hourly_revenue":898.154060228,"operational_cost":354.09,"carbon_saved_today":120.35,"social_impact_index":8,"governance_compliance":"Compliant"},{"timestamp":"2025-04-15T17:00:00.000","hourly_revenue":448.6907027091,"operational_cost":234.39,"carbon_saved_today":60.12,"social_impact_index":8,"governance_compliance":"Compliant"},{"timestamp":"2025-04-15T18:00:00.000","hourly_revenue":0.0,"operational_cost":331.1,"carbon_saved_today":0.0,"social_impact_index":8,"governance_compliance":"Compliant"},{"timestamp":"2025-04-15T19:00:00.000","hourly_revenue":0.0,"operational_cost":366.45,"carbon_saved_today":0.0,"social_impact_index":8,"governance_compliance":"Compliant"},{"timestamp":"2025-04-15T20:00:00.000","hourly_revenue":0.0,"operational_cost":319.34,"carbon_saved_today":0.0,"social_impact_index":8,"governance_compliance":"Compliant"},{"timestamp":"2025-04-15T21:00:00.000","hourly_revenue":0.0,"operational_cost":354.55,"carbon_saved_today":0.0,"social_impact_index":8,"governance_compliance":"Compliant"},{"timestamp":"2025-04-15T22:00:00.000","hourly_revenue":0.0,"operational_cost":400.61,"carbon_saved_today":0.0,"social_impact_index":8,"governance_compliance":"Compliant"},{"timestamp":"2025-04-15T23:00:00.000","hourly_revenue":0.0,"operational_cost":351.19,"carbon_saved_today":0.0,"social_impact_index":8,"governance_compliance":"Compliant"},{"timestamp":"2025-04-16T00:00:00.000","hourly_revenue":0.0,"operational_cost":312.47,"carbon_saved_today":0.0,"social_impact_index":8,"governance_compliance":"Compliant"},{"timestamp":"2025-04-16T01:00:00.000","hourly_revenue":0.0,"operational_cost":352.25,"carbon_saved_today":0.0,"social_impact_index":8,"governance_compliance":"Compliant"},{"timestamp":"2025-04-16T02:00:00.000","hourly_revenue":0.0,"operational_cost":307.24,"carbon_saved_today":0.0,"social_impact_index":8,"governance_compliance":"Compliant"},{"timestamp":"2025-04-16T03:00:00.000","hourly_revenue":0.0,"operational_cost":301.2,"carbon_saved_today":0.0,"social_impact_index":8,"governance_compliance":"Compliant"},{"timestamp":"2025-04-16T04:00:00.000","hourly_revenue":0.0,"operational_cost":282.43,"carbon_saved_today":0.0,"social_impact_index":8,"governance_compliance":"Compliant"},{"timestamp":"2025-04-16T05:00:00.000","hourly_revenue":0.0,"operational_cost":378.17,"carbon_saved_today":0.0,"social_impact_index":8,"governance_compliance":"Compliant"},{"timestamp":"2025-04-16T06:00:00.000","hourly_revenue":0.0,"operational_cost":259.08,"carbon_saved_today":0.0,"social_impact_index":8,"governance_compliance":"Compliant"},{"timestamp":"2025-04-16T07:00:00.000","hourly_revenue":509.2009804749,"operational_cost":376.62,"carbon_saved_today":68.23,"social_impact_index":8,"governance_compliance":"Compliant"},{"timestamp":"2025-04-16T08:00:00.000","hourly_revenue":1056.7056946054,"operational_cost":324.99,"carbon_saved_today":141.6,"social_impact_index":8,"governance_compliance":"Compliant"},{"timestamp":"2025-04-16T09:00:00.000","hourly_revenue":1178.7710077499,"operational_cost":230.03,"carbon_saved_today":157.96,"social_impact_index":8,"governance_compliance":"Compliant"},{"timestamp":"2025-04-16T10:00:00.000","hourly_revenue":2157.4153153454,"operational_cost":318.38,"carbon_saved_today":289.09,"social_impact_index":8,"governance_compliance":"Compliant"},{"timestamp":"2025-04-16T11:00:00.000","hourly_revenue":1672.6664190202,"operational_cost":195.0,"carbon_saved_today":224.14,"social_impact_index":8,"governance_compliance":"Compliant"},{"timestamp":"2025-04-16T12:00:00.000","hourly_revenue":2442.7317741351,"operational_cost":331.28,"carbon_saved_today":327.33,"social_impact_index":8,"governance_compliance":"Compliant"},{"timestamp":"2025-04-16T13:00:00.000","hourly_revenue":2076.3992156575,"operational_cost":344.26,"carbon_saved_today":278.24,"social_impact_index":8,"governance_compliance":"Compliant"},{"timestamp":"2025-04-16T14:00:00.000","hourly_revenue":1825.3536088563,"operational_cost":270.38,"carbon_saved_today":244.6,"social_impact_index":8,"governance_compliance":"Compliant"},{"timestamp":"2025-04-16T15:00:00.000","hourly_revenue":1423.185694556,"operational_cost":306.18,"carbon_saved_today":190.71,"social_impact_index":8,"governance_compliance":"Compliant"},{"timestamp":"2025-04-16T16:00:00.000","hourly_revenue":865.3349058589,"operational_cost":397.71,"carbon_saved_today":115.95,"social_impact_index":8,"governance_compliance":"Compliant"},{"timestamp":"2025-04-16T17:00:00.000","hourly_revenue":433.9173843313,"operational_cost":274.71,"carbon_saved_today":58.14,"social_impact_index":8,"governance_compliance":"Compliant"},{"timestamp":"2025-04-16T18:00:00.000","hourly_revenue":0.0,"operational_cost":247.05,"carbon_saved_today":0.0,"social_impact_index":8,"governance_compliance":"Compliant"},{"timestamp":"2025-04-16T19:00:00.000","hourly_revenue":0.0,"operational_cost":374.08,"carbon_saved_today":0.0,"social_impact_index":8,"governance_compliance":"Compliant"},{"timestamp":"2025-04-16T20:00:00.000","hourly_revenue":0.0,"operational_cost":398.13,"carbon_saved_today":0.0,"social_impact_index":8,"governance_compliance":"Non-Compliant"},{"timestamp":"2025-04-16T21:00:00.000","hourly_revenue":0.0,"operational_cost":300.18,"carbon_saved_today":0.0,"social_impact_index":8,"governance_compliance":"Compliant"},{"timestamp":"2025-04-16T22:00:00.000","hourly_revenue":0.0,"operational_cost":350.57,"carbon_saved_today":0.0,"social_impact_index":8,"governance_compliance":"Compliant"},{"timestamp":"2025-04-16T23:00:00.000","hourly_revenue":0.0,"operational_cost":367.07,"carbon_saved_today":0.0,"social_impact_index":8,"governance_compliance":"Compliant"},{"timestamp":"2025-04-17T00:00:00.000","hourly_revenue":0.0,"operational_cost":262.88,"carbon_saved_today":0.0,"social_impact_index":8,"governance_compliance":"Non-Compliant"},{"timestamp":"2025-04-17T01:00:00.000","hourly_revenue":0.0,"operational_cost":275.73,"carbon_saved_today":0.0,"social_impact_index":8,"governance_compliance":"Compliant"},{"timestamp":"2025-04-17T02:00:00.000","hourly_revenue":0.0,"operational_cost":361.54,"carbon_saved_today":0.0,"social_impact_index":8,"governance_compliance":"Compliant"},{"timestamp":"2025-04-17T03:00:00.000","hourly_revenue":0.0,"operational_cost":384.25,"carbon_saved_today":0.0,"social_impact_index":8,"governance_compliance":"Compliant"},{"timestamp":"2025-04-17T04:00:00.000","hourly_revenue":0.0,"operational_cost":328.14,"carbon_saved_today":0.0,"social_impact_index":8,"governance_compliance":"Compliant"},{"timestamp":"2025-04-17T05:00:00.000","hourly_revenue":0.0,"operational_cost":256.01,"carbon_saved_today":0.0,"social_impact_index":8,"governance_compliance":"Non-Compliant"},{"timestamp":"2025-04-17T06:00:00.000","hourly_revenue":0.0,"operational_cost":399.35,"carbon_saved_today":0.0,"social_impact_index":8,"governance_compliance":"Non-Compliant"},{"timestamp":"2025-04-17T07:00:00.000","hourly_revenue":428.0597591778,"operational_cost":273.45,"carbon_saved_today":57.36,"social_impact_index":8,"governance_compliance":"Compliant"},{"timestamp":"2025-04-17T08:00:00.000","hourly_revenue":1157.9165624953,"operational_cost":283.24,"carbon_saved_today":155.16,"social_impact_index":8,"governance_compliance":"Compliant"},{"timestamp":"2025-04-17T09:00:00.000","hourly_revenue":1219.3636220989,"operational_cost":317.12,"carbon_saved_today":163.39,"social_impact_index":8,"governance_compliance":"Compliant"},{"timestamp":"2025-04-17T10:00:00.000","hourly_revenue":1492.8698459275,"operational_cost":377.71,"carbon_saved_today":200.04,"social_impact_index":8,"governance_compliance":"Compliant"},{"timestamp":"2025-04-17T11:00:00.000","hourly_revenue":1967.566202563,"operational_cost":342.7,"carbon_saved_today":263.65,"social_impact_index":8,"governance_compliance":"Compliant"},{"timestamp":"2025-04-17T12:00:00.000","hourly_revenue":2092.9399348417,"operational_cost":320.74,"carbon_saved_today":280.45,"social_impact_index":8,"governance_compliance":"Compliant"},{"timestamp":"2025-04-17T13:00:00.000","hourly_revenue":2009.2089890582,"operational_cost":323.16,"carbon_saved_today":269.23,"social_impact_index":8,"governance_compliance":"Compliant"},{"timestamp":"2025-04-17T14:00:00.000","hourly_revenue":1378.268030975,"operational_cost":302.18,"carbon_saved_today":184.69,"social_impact_index":8,"governance_compliance":"Compliant"},{"timestamp":"2025-04-17T15:00:00.000","hourly_revenue":1681.1186979716,"operational_cost":327.91,"carbon_saved_today":225.27,"social_impact_index":8,"governance_compliance":"Non-Compliant"},{"timestamp":"2025-04-17T16:00:00.000","hourly_revenue":882.8000212944,"operational_cost":173.52,"carbon_saved_today":118.3,"social_impact_index":8,"governance_compliance":"Compliant"},{"timestamp":"2025-04-17T17:00:00.000","hourly_revenue":421.7494959067,"operational_cost":285.17,"carbon_saved_today":56.51,"social_impact_index":8,"governance_compliance":"Compliant"},{"timestamp":"2025-04-17T18:00:00.000","hourly_revenue":0.0,"operational_cost":312.07,"carbon_saved_today":0.0,"social_impact_index":8,"governance_compliance":"Compliant"},{"timestamp":"2025-04-17T19:00:00.000","hourly_revenue":0.0,"operational_cost":242.45,"carbon_saved_today":0.0,"social_impact_index":8,"governance_compliance":"Non-Compliant"},{"timestamp":"2025-04-17T20:00:00.000","hourly_revenue":0.0,"operational_cost":319.32,"carbon_saved_today":0.0,"social_impact_index":8,"governance_compliance":"Compliant"},{"timestamp":"2025-04-17T21:00:00.000","hourly_revenue":0.0,"operational_cost":289.78,"carbon_saved_today":0.0,"social_impact_index":8,"governance_compliance":"Compliant"},{"timestamp":"2025-04-17T22:00:00.000","hourly_revenue":0.0,"operational_cost":387.77,"carbon_saved_today":0.0,"social_impact_index":8,"governance_compliance":"Compliant"},{"timestamp":"2025-04-17T23:00:00.000","hourly_revenue":0.0,"operational_cost":378.65,"carbon_saved_today":0.0,"social_impact_index":8,"governance_compliance":"Compliant"},{"timestamp":"2025-04-18T00:00:00.000","hourly_revenue":0.0,"operational_cost":276.71,"carbon_saved_today":0.0,"social_impact_index":8,"governance_compliance":"Compliant"},{"timestamp":"2025-04-18T01:00:00.000","hourly_revenue":0.0,"operational_cost":292.46,"carbon_saved_today":0.0,"social_impact_index":8,"governance_compliance":"Compliant"},{"timestamp":"2025-04-18T02:00:00.000","hourly_revenue":0.0,"operational_cost":296.3,"carbon_saved_today":0.0,"social_impact_index":8,"governance_compliance":"Compliant"},{"timestamp":"2025-04-18T03:00:00.000","hourly_revenue":0.0,"operational_cost":277.42,"carbon_saved_today":0.0,"social_impact_index":8,"governance_compliance":"Compliant"},{"timestamp":"2025-04-18T04:00:00.000","hourly_revenue":0.0,"operational_cost":309.75,"carbon_saved_today":0.0,"social_impact_index":8,"governance_compliance":"Compliant"},{"timestamp":"2025-04-18T05:00:00.000","hourly_revenue":0.0,"operational_cost":262.09,"carbon_saved_today":0.0,"social_impact_index":8,"governance_compliance":"Compliant"},{"timestamp":"2025-04-18T06:00:00.000","hourly_revenue":0.0,"operational_cost":243.47,"carbon_saved_today":0.0,"social_impact_index":8,"governance_compliance":"Compliant"},{"timestamp":"2025-04-18T07:00:00.000","hourly_revenue":445.21617373,"operational_cost":331.14,"carbon_saved_today":59.66,"social_impact_index":8,"governance_compliance":"Compliant"},{"timestamp":"2025-04-18T08:00:00.000","hourly_revenue":1091.6293818298,"operational_cost":331.48,"carbon_saved_today":146.28,"social_impact_index":8,"governance_compliance":"Compliant"},{"timestamp":"2025-04-18T09:00:00.000","hourly_revenue":1114.492818783,"operational_cost":259.78,"carbon_saved_today":149.34,"social_impact_index":8,"governance_compliance":"Compliant"},{"timestamp":"2025-04-18T10:00:00.000","hourly_revenue":2036.2049171198,"operational_cost":344.77,"carbon_saved_today":272.85,"social_impact_index":8,"governance_compliance":"Compliant"},{"timestamp":"2025-04-18T11:00:00.000","hourly_revenue":1927.1635576737,"operational_cost":268.42,"carbon_saved_today":258.24,"social_impact_index":8,"governance_compliance":"Compliant"},{"timestamp":"2025-04-18T12:00:00.000","hourly_revenue":1980.5865773266,"operational_cost":312.66,"carbon_saved_today":265.4,"social_impact_index":8,"governance_compliance":"Compliant"},{"timestamp":"2025-04-18T13:00:00.000","hourly_revenue":2021.1107183309,"operational_cost":341.02,"carbon_saved_today":270.83,"social_impact_index":8,"governance_compliance":"Compliant"},{"timestamp":"2025-04-18T14:00:00.000","hourly_revenue":2013.2327721853,"operational_cost":298.32,"carbon_saved_today":269.77,"social_impact_index":8,"governance_compliance":"Non-Compliant"},{"timestamp":"2025-04-18T15:00:00.000","hourly_revenue":1306.5984212466,"operational_cost":322.74,"carbon_saved_today":175.08,"social_impact_index":8,"governance_compliance":"Compliant"},{"timestamp":"2025-04-18T16:00:00.000","hourly_revenue":1089.0080762795,"operational_cost":274.18,"carbon_saved_today":145.93,"social_impact_index":8,"governance_compliance":"Compliant"},{"timestamp":"2025-04-18T17:00:00.000","hourly_revenue":534.6507743591,"operational_cost":290.18,"carbon_saved_today":71.64,"social_impact_index":8,"governance_compliance":"Compliant"},{"timestamp":"2025-04-18T18:00:00.000","hourly_revenue":0.0,"operational_cost":289.71,"carbon_saved_today":0.0,"social_impact_index":8,"governance_compliance":"Compliant"},{"timestamp":"2025-04-18T19:00:00.000","hourly_revenue":0.0,"operational_cost":262.67,"carbon_saved_today":0.0,"social_impact_index":8,"governance_compliance":"Compliant"},{"timestamp":"2025-04-18T20:00:00.000","hourly_revenue":0.0,"operational_cost":291.16,"carbon_saved_today":0.0,"social_impact_index":8,"governance_compliance":"Compliant"},{"timestamp":"2025-04-18T21:00:00.000","hourly_revenue":0.0,"operational_cost":222.57,"carbon_saved_today":0.0,"social_impact_index":8,"governance_compliance":"Compliant"},{"timestamp":"2025-04-18T22:00:00.000","hourly_revenue":0.0,"operational_cost":275.44,"carbon_saved_today":0.0,"social_impact_index":8,"governance_compliance":"Compliant"},{"timestamp":"2025-04-18T23:00:00.000","hourly_revenue":0.0,"operational_cost":285.76,"carbon_saved_today":0.0,"social_impact_index":8,"governance_compliance":"Compliant"},{"timestamp":"2025-04-19T00:00:00.000","hourly_revenue":0.0,"operational_cost":287.19,"carbon_saved_today":0.0,"social_impact_index":7,"governance_compliance":"Compliant"},{"timestamp":"2025-04-19T01:00:00.000","hourly_revenue":0.0,"operational_cost":287.93,"carbon_saved_today":0.0,"social_impact_index":7,"governance_compliance":"Compliant"},{"timestamp":"2025-04-19T02:00:00.000","hourly_revenue":0.0,"operational_cost":296.91,"carbon_saved_today":0.0,"social_impact_index":7,"governance_compliance":"Compliant"},{"timestamp":"2025-04-19T03:00:00.000","hourly_revenue":0.0,"operational_cost":323.97,"carbon_saved_today":0.0,"social_impact_index":7,"governance_compliance":"Compliant"},{"timestamp":"2025-04-19T04:00:00.000","hourly_revenue":0.0,"operational_cost":343.73,"carbon_saved_today":0.0,"social_impact_index":7,"governance_compliance":"Compliant"},{"timestamp":"2025-04-19T05:00:00.000","hourly_revenue":0.0,"operational_cost":267.51,"carbon_saved_today":0.0,"social_impact_index":7,"governance_compliance":"Compliant"},{"timestamp":"2025-04-19T06:00:00.000","hourly_revenue":0.0,"operational_cost":239.84,"carbon_saved_today":0.0,"social_impact_index":7,"governance_compliance":"Compliant"},{"timestamp":"2025-04-19T07:00:00.000","hourly_revenue":616.2146964084,"operational_cost":247.9,"carbon_saved_today":82.57,"social_impact_index":7,"governance_compliance":"Compliant"},{"timestamp":"2025-04-19T08:00:00.000","hourly_revenue":1185.9217638726,"operational_cost":275.64,"carbon_saved_today":158.91,"social_impact_index":7,"governance_compliance":"Compliant"},{"timestamp":"2025-04-19T09:00:00.000","hourly_revenue":1081.3411239448,"operational_cost":282.4,"carbon_saved_today":144.9,"social_impact_index":7,"governance_compliance":"Compliant"},{"timestamp":"2025-04-19T10:00:00.000","hourly_revenue":1409.9514733755,"operational_cost":261.5,"carbon_saved_today":188.93,"social_impact_index":7,"governance_compliance":"Compliant"},{"timestamp":"2025-04-19T11:00:00.000","hourly_revenue":1101.3572308597,"operational_cost":235.19,"carbon_saved_today":147.58,"social_impact_index":7,"governance_compliance":"Non-Compliant"},{"timestamp":"2025-04-19T12:00:00.000","hourly_revenue":1284.5831979814,"operational_cost":277.19,"carbon_saved_today":172.13,"social_impact_index":7,"governance_compliance":"Compliant"},{"timestamp":"2025-04-19T13:00:00.000","hourly_revenue":1516.9437963714,"operational_cost":309.07,"carbon_saved_today":203.27,"social_impact_index":7,"governance_compliance":"Compliant"},{"timestamp":"2025-04-19T14:00:00.000","hourly_revenue":1006.782181695,"operational_cost":329.75,"carbon_saved_today":134.91,"social_impact_index":7,"governance_compliance":"Compliant"},{"timestamp":"2025-04-19T15:00:00.000","hourly_revenue":1147.335140925,"operational_cost":272.13,"carbon_saved_today":153.74,"social_impact_index":7,"governance_compliance":"Compliant"},{"timestamp":"2025-04-19T16:00:00.000","hourly_revenue":1166.0670889789,"operational_cost":279.35,"carbon_saved_today":156.25,"social_impact_index":7,"governance_compliance":"Compliant"},{"timestamp":"2025-04-19T17:00:00.000","hourly_revenue":519.5708819261,"operational_cost":253.67,"carbon_saved_today":69.62,"social_impact_index":7,"governance_compliance":"Compliant"},{"timestamp":"2025-04-19T18:00:00.000","hourly_revenue":0.0,"operational_cost":298.43,"carbon_saved_today":0.0,"social_impact_index":7,"governance_compliance":"Compliant"},{"timestamp":"2025-04-19T19:00:00.000","hourly_revenue":0.0,"operational_cost":257.58,"carbon_saved_today":0.0,"social_impact_index":7,"governance_compliance":"Compliant"},{"timestamp":"2025-04-19T20:00:00.000","hourly_revenue":0.0,"operational_cost":328.66,"carbon_saved_today":0.0,"social_impact_index":7,"governance_compliance":"Compliant"},{"timestamp":"2025-04-19T21:00:00.000","hourly_revenue":0.0,"operational_cost":210.71,"carbon_saved_today":0.0,"social_impact_index":7,"governance_compliance":"Compliant"},{"timestamp":"2025-04-19T22:00:00.000","hourly_revenue":0.0,"operational_cost":282.02,"carbon_saved_today":0.0,"social_impact_index":7,"governance_compliance":"Compliant"},{"timestamp":"2025-04-19T23:00:00.000","hourly_revenue":0.0,"operational_cost":315.06,"carbon_saved_today":0.0,"social_impact_index":7,"governance_compliance":"Compliant"},{"timestamp":"2025-04-20T00:00:00.000","hourly_revenue":0.0,"operational_cost":309.19,"carbon_saved_today":0.0,"social_impact_index":10,"governance_compliance":"Compliant"},{"timestamp":"2025-04-20T01:00:00.000","hourly_revenue":0.0,"operational_cost":434.65,"carbon_saved_today":0.0,"social_impact_index":10,"governance_compliance":"Compliant"},{"timestamp":"2025-04-20T02:00:00.000","hourly_revenue":0.0,"operational_cost":317.49,"carbon_saved_today":0.0,"social_impact_index":10,"governance_compliance":"Compliant"},{"timestamp":"2025-04-20T03:00:00.000","hourly_revenue":0.0,"operational_cost":249.8,"carbon_saved_today":0.0,"social_impact_index":10,"governance_compliance":"Compliant"},{"timestamp":"2025-04-20T04:00:00.000","hourly_revenue":0.0,"operational_cost":295.23,"carbon_saved_today":0.0,"social_impact_index":10,"governance_compliance":"Compliant"},{"timestamp":"2025-04-20T05:00:00.000","hourly_revenue":0.0,"operational_cost":211.19,"carbon_saved_today":0.0,"social_impact_index":10,"governance_compliance":"Compliant"},{"timestamp":"2025-04-20T06:00:00.000","hourly_revenue":0.0,"operational_cost":295.97,"carbon_saved_today":0.0,"social_impact_index":10,"governance_compliance":"Compliant"},{"timestamp":"2025-04-20T07:00:00.000","hourly_revenue":476.711595215,"operational_cost":258.35,"carbon_saved_today":63.88,"social_impact_index":10,"governance_compliance":"Compliant"},{"timestamp":"2025-04-20T08:00:00.000","hourly_revenue":1066.310946567,"operational_cost":345.77,"carbon_saved_today":142.89,"social_impact_index":10,"governance_compliance":"Compliant"},{"timestamp":"2025-04-20T09:00:00.000","hourly_revenue":1719.7035654424,"operational_cost":272.52,"carbon_saved_today":230.44,"social_impact_index":10,"governance_compliance":"Compliant"},{"timestamp":"2025-04-20T10:00:00.000","hourly_revenue":1387.8141342516,"operational_cost":294.16,"carbon_saved_today":185.97,"social_impact_index":10,"governance_compliance":"Compliant"},{"timestamp":"2025-04-20T11:00:00.000","hourly_revenue":2354.1819403891,"operational_cost":268.22,"carbon_saved_today":315.46,"social_impact_index":10,"governance_compliance":"Compliant"},{"timestamp":"2025-04-20T12:00:00.000","hourly_revenue":2187.8857223008,"operational_cost":386.94,"carbon_saved_today":293.18,"social_impact_index":10,"governance_compliance":"Compliant"},{"timestamp":"2025-04-20T13:00:00.000","hourly_revenue":1514.4143068028,"operational_cost":283.94,"carbon_saved_today":202.93,"social_impact_index":10,"governance_compliance":"Compliant"},{"timestamp":"2025-04-20T14:00:00.000","hourly_revenue":1559.6802002662,"operational_cost":391.63,"carbon_saved_today":209.0,"social_impact_index":10,"governance_compliance":"Compliant"},{"timestamp":"2025-04-20T15:00:00.000","hourly_revenue":1561.4134579079,"operational_cost":340.71,"carbon_saved_today":209.23,"social_impact_index":10,"governance_compliance":"Compliant"},{"timestamp":"2025-04-20T16:00:00.000","hourly_revenue":783.6753007344,"operational_cost":324.1,"carbon_saved_today":105.01,"social_impact_index":10,"governance_compliance":"Compliant"},{"timestamp":"2025-04-20T17:00:00.000","hourly_revenue":538.9053702435,"operational_cost":318.44,"carbon_saved_today":72.21,"social_impact_index":10,"governance_compliance":"Compliant"},{"timestamp":"2025-04-20T18:00:00.000","hourly_revenue":0.0,"operational_cost":319.69,"carbon_saved_today":0.0,"social_impact_index":10,"governance_compliance":"Compliant"},{"timestamp":"2025-04-20T19:00:00.000","hourly_revenue":0.0,"operational_cost":203.62,"carbon_saved_today":0.0,"social_impact_index":10,"governance_compliance":"Non-Compliant"},{"timestamp":"2025-04-20T20:00:00.000","hourly_revenue":0.0,"operational_cost":286.06,"carbon_saved_today":0.0,"social_impact_index":10,"governance_compliance":"Compliant"},{"timestamp":"2025-04-20T21:00:00.000","hourly_revenue":0.0,"operational_cost":342.26,"carbon_saved_today":0.0,"social_impact_index":10,"governance_compliance":"Compliant"},{"timestamp":"2025-04-20T22:00:00.000","hourly_revenue":0.0,"operational_cost":297.56,"carbon_saved_today":0.0,"social_impact_index":10,"governance_compliance":"Compliant"},{"timestamp":"2025-04-20T23:00:00.000","hourly_revenue":0.0,"operational_cost":229.74,"carbon_saved_today":0.0,"social_impact_index":10,"governance_compliance":"Compliant"},{"timestamp":"2025-04-21T00:00:00.000","hourly_revenue":0.0,"operational_cost":297.38,"carbon_saved_today":0.0,"social_impact_index":8,"governance_compliance":"Compliant"},{"timestamp":"2025-04-21T01:00:00.000","hourly_revenue":0.0,"operational_cost":385.21,"carbon_saved_today":0.0,"social_impact_index":8,"governance_compliance":"Compliant"},{"timestamp":"2025-04-21T02:00:00.000","hourly_revenue":0.0,"operational_cost":362.34,"carbon_saved_today":0.0,"social_impact_index":8,"governance_compliance":"Compliant"},{"timestamp":"2025-04-21T03:00:00.000","hourly_revenue":0.0,"operational_cost":296.9,"carbon_saved_today":0.0,"social_impact_index":8,"governance_compliance":"Compliant"},{"timestamp":"2025-04-21T04:00:00.000","hourly_revenue":0.0,"operational_cost":347.57,"carbon_saved_today":0.0,"social_impact_index":8,"governance_compliance":"Compliant"},{"timestamp":"2025-04-21T05:00:00.000","hourly_revenue":0.0,"operational_cost":281.67,"carbon_saved_today":0.0,"social_impact_index":8,"governance_compliance":"Compliant"},{"timestamp":"2025-04-21T06:00:00.000","hourly_revenue":0.0,"operational_cost":214.81,"carbon_saved_today":0.0,"social_impact_index":8,"governance_compliance":"Compliant"},{"timestamp":"2025-04-21T07:00:00.000","hourly_revenue":587.6246798707,"operational_cost":253.78,"carbon_saved_today":78.74,"social_impact_index":8,"governance_compliance":"Compliant"},{"timestamp":"2025-04-21T08:00:00.000","hourly_revenue":1091.6476883033,"operational_cost":378.14,"carbon_saved_today":146.28,"social_impact_index":8,"governance_compliance":"Compliant"},{"timestamp":"2025-04-21T09:00:00.000","hourly_revenue":1375.9609992083,"operational_cost":286.3,"carbon_saved_today":184.38,"social_impact_index":8,"governance_compliance":"Compliant"},{"timestamp":"2025-04-21T10:00:00.000","hourly_revenue":1536.0057498294,"operational_cost":287.83,"carbon_saved_today":205.82,"social_impact_index":8,"governance_compliance":"Non-Compliant"},{"timestamp":"2025-04-21T11:00:00.000","hourly_revenue":2412.0370461615,"operational_cost":285.01,"carbon_saved_today":323.21,"social_impact_index":8,"governance_compliance":"Compliant"},{"timestamp":"2025-04-21T12:00:00.000","hourly_revenue":1926.181302236,"operational_cost":395.21,"carbon_saved_today":258.11,"social_impact_index":8,"governance_compliance":"Compliant"},{"timestamp":"2025-04-21T13:00:00.000","hourly_revenue":1884.8951238854,"operational_cost":381.3,"carbon_saved_today":252.58,"social_impact_index":8,"governance_compliance":"Compliant"},{"timestamp":"2025-04-21T14:00:00.000","hourly_revenue":1440.7404914929,"operational_cost":410.94,"carbon_saved_today":193.06,"social_impact_index":8,"governance_compliance":"Compliant"},{"timestamp":"2025-04-21T15:00:00.000","hourly_revenue":1622.6753934527,"operational_cost":292.05,"carbon_saved_today":217.44,"social_impact_index":8,"governance_compliance":"Compliant"},{"timestamp":"2025-04-21T16:00:00.000","hourly_revenue":1096.8411128907,"operational_cost":314.78,"carbon_saved_today":146.98,"social_impact_index":8,"governance_compliance":"Compliant"},{"timestamp":"2025-04-21T17:00:00.000","hourly_revenue":445.3679480234,"operational_cost":224.17,"carbon_saved_today":59.68,"social_impact_index":8,"governance_compliance":"Compliant"},{"timestamp":"2025-04-21T18:00:00.000","hourly_revenue":0.0,"operational_cost":373.85,"carbon_saved_today":0.0,"social_impact_index":8,"governance_compliance":"Compliant"},{"timestamp":"2025-04-21T19:00:00.000","hourly_revenue":0.0,"operational_cost":241.61,"carbon_saved_today":0.0,"social_impact_index":8,"governance_compliance":"Compliant"},{"timestamp":"2025-04-21T20:00:00.000","hourly_revenue":0.0,"operational_cost":310.84,"carbon_saved_today":0.0,"social_impact_index":8,"governance_compliance":"Compliant"},{"timestamp":"2025-04-21T21:00:00.000","hourly_revenue":0.0,"operational_cost":245.13,"carbon_saved_today":0.0,"social_impact_index":8,"governance_compliance":"Compliant"},{"timestamp":"2025-04-21T22:00:00.000","hourly_revenue":0.0,"operational_cost":270.56,"carbon_saved_today":0.0,"social_impact_index":8,"governance_compliance":"Compliant"},{"timestamp":"2025-04-21T23:00:00.000","hourly_revenue":0.0,"operational_cost":258.14,"carbon_saved_today":0.0,"social_impact_index":8,"governance_compliance":"Compliant"},{"timestamp":"2025-04-22T00:00:00.000","hourly_revenue":0.0,"operational_cost":269.61,"carbon_saved_today":0.0,"social_impact_index":8,"governance_compliance":"Compliant"},{"timestamp":"2025-04-22T01:00:00.000","hourly_revenue":0.0,"operational_cost":273.04,"carbon_saved_today":0.0,"social_impact_index":8,"governance_compliance":"Compliant"},{"timestamp":"2025-04-22T02:00:00.000","hourly_revenue":0.0,"operational_cost":272.59,"carbon_saved_today":0.0,"social_impact_index":8,"governance_compliance":"Compliant"},{"timestamp":"2025-04-22T03:00:00.000","hourly_revenue":0.0,"operational_cost":341.67,"carbon_saved_today":0.0,"social_impact_index":8,"governance_compliance":"Compliant"},{"timestamp":"2025-04-22T04:00:00.000","hourly_revenue":0.0,"operational_cost":244.76,"carbon_saved_today":0.0,"social_impact_index":8,"governance_compliance":"Non-Compliant"},{"timestamp":"2025-04-22T05:00:00.000","hourly_revenue":0.0,"operational_cost":311.03,"carbon_saved_today":0.0,"social_impact_index":8,"governance_compliance":"Compliant"},{"timestamp":"2025-04-22T06:00:00.000","hourly_revenue":0.0,"operational_cost":360.9,"carbon_saved_today":0.0,"social_impact_index":8,"governance_compliance":"Compliant"},{"timestamp":"2025-04-22T07:00:00.000","hourly_revenue":494.1720042962,"operational_cost":274.34,"carbon_saved_today":66.22,"social_impact_index":8,"governance_compliance":"Compliant"},{"timestamp":"2025-04-22T08:00:00.000","hourly_revenue":1197.0496018396,"operational_cost":264.1,"carbon_saved_today":160.4,"social_impact_index":8,"governance_compliance":"Compliant"},{"timestamp":"2025-04-22T09:00:00.000","hourly_revenue":1223.2626329705,"operational_cost":288.47,"carbon_saved_today":163.92,"social_impact_index":8,"governance_compliance":"Non-Compliant"},{"timestamp":"2025-04-22T10:00:00.000","hourly_revenue":1483.5921930283,"operational_cost":358.99,"carbon_saved_today":198.8,"social_impact_index":8,"governance_compliance":"Compliant"},{"timestamp":"2025-04-22T11:00:00.000","hourly_revenue":1478.9619541696,"operational_cost":309.71,"carbon_saved_today":198.18,"social_impact_index":8,"governance_compliance":"Compliant"},{"timestamp":"2025-04-22T12:00:00.000","hourly_revenue":2151.6668253759,"operational_cost":273.44,"carbon_saved_today":288.32,"social_impact_index":8,"governance_compliance":"Compliant"},{"timestamp":"2025-04-22T13:00:00.000","hourly_revenue":1804.8578525043,"operational_cost":324.19,"carbon_saved_today":241.85,"social_impact_index":8,"governance_compliance":"Compliant"},{"timestamp":"2025-04-22T14:00:00.000","hourly_revenue":2047.5943080084,"operational_cost":244.89,"carbon_saved_today":274.38,"social_impact_index":8,"governance_compliance":"Compliant"},{"timestamp":"2025-04-22T15:00:00.000","hourly_revenue":1395.2701057261,"operational_cost":334.07,"carbon_saved_today":186.97,"social_impact_index":8,"governance_compliance":"Compliant"},{"timestamp":"2025-04-22T16:00:00.000","hourly_revenue":1234.0967139574,"operational_cost":320.43,"carbon_saved_today":165.37,"social_impact_index":8,"governance_compliance":"Compliant"},{"timestamp":"2025-04-22T17:00:00.000","hourly_revenue":436.2461044702,"operational_cost":284.61,"carbon_saved_today":58.46,"social_impact_index":8,"governance_compliance":"Compliant"},{"timestamp":"2025-04-22T18:00:00.000","hourly_revenue":0.0,"operational_cost":258.07,"carbon_saved_today":0.0,"social_impact_index":8,"governance_compliance":"Compliant"},{"timestamp":"2025-04-22T19:00:00.000","hourly_revenue":0.0,"operational_cost":255.67,"carbon_saved_today":0.0,"social_impact_index":8,"governance_compliance":"Compliant"},{"timestamp":"2025-04-22T20:00:00.000","hourly_revenue":0.0,"operational_cost":326.74,"carbon_saved_today":0.0,"social_impact_index":8,"governance_compliance":"Compliant"},{"timestamp":"2025-04-22T21:00:00.000","hourly_revenue":0.0,"operational_cost":361.45,"carbon_saved_today":0.0,"social_impact_index":8,"governance_compliance":"Non-Compliant"},{"timestamp":"2025-04-22T22:00:00.000","hourly_revenue":0.0,"operational_cost":268.13,"carbon_saved_today":0.0,"social_impact_index":8,"governance_compliance":"Compliant"},{"timestamp":"2025-04-22T23:00:00.000","hourly_revenue":0.0,"operational_cost":322.92,"carbon_saved_today":0.0,"social_impact_index":8,"governance_compliance":"Compliant"},{"timestamp":"2025-04-23T00:00:00.000","hourly_revenue":0.0,"operational_cost":195.65,"carbon_saved_today":0.0,"social_impact_index":8,"governance_compliance":"Compliant"},{"timestamp":"2025-04-23T01:00:00.000","hourly_revenue":0.0,"operational_cost":270.77,"carbon_saved_today":0.0,"social_impact_index":8,"governance_compliance":"Compliant"},{"timestamp":"2025-04-23T02:00:00.000","hourly_revenue":0.0,"operational_cost":298.45,"carbon_saved_today":0.0,"social_impact_index":8,"governance_compliance":"Compliant"},{"timestamp":"2025-04-23T03:00:00.000","hourly_revenue":0.0,"operational_cost":254.52,"carbon_saved_today":0.0,"social_impact_index":8,"governance_compliance":"Compliant"},{"timestamp":"2025-04-23T04:00:00.000","hourly_revenue":0.0,"operational_cost":253.17,"carbon_saved_today":0.0,"social_impact_index":8,"governance_compliance":"Compliant"},{"timestamp":"2025-04-23T05:00:00.000","hourly_revenue":0.0,"operational_cost":266.61,"carbon_saved_today":0.0,"social_impact_index":8,"governance_compliance":"Compliant"},{"timestamp":"2025-04-23T06:00:00.000","hourly_revenue":0.0,"operational_cost":314.61,"carbon_saved_today":0.0,"social_impact_index":8,"governance_compliance":"Compliant"},{"timestamp":"2025-04-23T07:00:00.000","hourly_revenue":420.629034852,"operational_cost":290.63,"carbon_saved_today":56.36,"social_impact_index":8,"governance_compliance":"Compliant"},{"timestamp":"2025-04-23T08:00:00.000","hourly_revenue":1092.7826436145,"operational_cost":188.09,"carbon_saved_today":146.43,"social_impact_index":8,"governance_compliance":"Non-Compliant"},{"timestamp":"2025-04-23T09:00:00.000","hourly_revenue":1364.9323880478,"operational_cost":193.96,"carbon_saved_today":182.9,"social_impact_index":8,"governance_compliance":"Compliant"},{"timestamp":"2025-04-23T10:00:00.000","hourly_revenue":1472.6976130861,"operational_cost":269.66,"carbon_saved_today":197.34,"social_impact_index":8,"governance_compliance":"Compliant"},{"timestamp":"2025-04-23T11:00:00.000","hourly_revenue":1923.732608194,"operational_cost":322.88,"carbon_saved_today":257.78,"social_impact_index":8,"governance_compliance":"Compliant"},{"timestamp":"2025-04-23T12:00:00.000","hourly_revenue":1564.2089370751,"operational_cost":162.62,"carbon_saved_today":209.6,"social_impact_index":8,"governance_compliance":"Compliant"},{"timestamp":"2025-04-23T13:00:00.000","hourly_revenue":2011.0299467044,"operational_cost":275.01,"carbon_saved_today":269.48,"social_impact_index":8,"governance_compliance":"Compliant"},{"timestamp":"2025-04-23T14:00:00.000","hourly_revenue":1531.9932273679,"operational_cost":273.69,"carbon_saved_today":205.29,"social_impact_index":8,"governance_compliance":"Compliant"},{"timestamp":"2025-04-23T15:00:00.000","hourly_revenue":1624.6196202374,"operational_cost":369.42,"carbon_saved_today":217.7,"social_impact_index":8,"governance_compliance":"Compliant"},{"timestamp":"2025-04-23T16:00:00.000","hourly_revenue":905.1809794618,"operational_cost":280.75,"carbon_saved_today":121.29,"social_impact_index":8,"governance_compliance":"Compliant"},{"timestamp":"2025-04-23T17:00:00.000","hourly_revenue":506.0482119506,"operational_cost":319.15,"carbon_saved_today":67.81,"social_impact_index":8,"governance_compliance":"Compliant"},{"timestamp":"2025-04-23T18:00:00.000","hourly_revenue":0.0,"operational_cost":307.06,"carbon_saved_today":0.0,"social_impact_index":8,"governance_compliance":"Compliant"},{"timestamp":"2025-04-23T19:00:00.000","hourly_revenue":0.0,"operational_cost":193.47,"carbon_saved_today":0.0,"social_impact_index":8,"governance_compliance":"Compliant"},{"timestamp":"2025-04-23T20:00:00.000","hourly_revenue":0.0,"operational_cost":338.41,"carbon_saved_today":0.0,"social_impact_index":8,"governance_compliance":"Compliant"},{"timestamp":"2025-04-23T21:00:00.000","hourly_revenue":0.0,"operational_cost":310.77,"carbon_saved_today":0.0,"social_impact_index":8,"governance_compliance":"Compliant"},{"timestamp":"2025-04-23T22:00:00.000","hourly_revenue":0.0,"operational_cost":325.41,"carbon_saved_today":0.0,"social_impact_index":8,"governance_compliance":"Compliant"},{"timestamp":"2025-04-23T23:00:00.000","hourly_revenue":0.0,"operational_cost":496.31,"carbon_saved_today":0.0,"social_impact_index":8,"governance_compliance":"Compliant"},{"timestamp":"2025-04-24T00:00:00.000","hourly_revenue":0.0,"operational_cost":195.79,"carbon_saved_today":0.0,"social_impact_index":8,"governance_compliance":"Compliant"},{"timestamp":"2025-04-24T01:00:00.000","hourly_revenue":0.0,"operational_cost":386.23,"carbon_saved_today":0.0,"social_impact_index":8,"governance_compliance":"Compliant"},{"timestamp":"2025-04-24T02:00:00.000","hourly_revenue":0.0,"operational_cost":285.63,"carbon_saved_today":0.0,"social_impact_index":8,"governance_compliance":"Compliant"},{"timestamp":"2025-04-24T03:00:00.000","hourly_revenue":0.0,"operational_cost":314.37,"carbon_saved_today":0.0,"social_impact_index":8,"governance_compliance":"Compliant"},{"timestamp":"2025-04-24T04:00:00.000","hourly_revenue":0.0,"operational_cost":297.72,"carbon_saved_today":0.0,"social_impact_index":8,"governance_compliance":"Compliant"},{"timestamp":"2025-04-24T05:00:00.000","hourly_revenue":0.0,"operational_cost":278.79,"carbon_saved_today":0.0,"social_impact_index":8,"governance_compliance":"Compliant"},{"timestamp":"2025-04-24T06:00:00.000","hourly_revenue":0.0,"operational_cost":271.51,"carbon_saved_today":0.0,"social_impact_index":8,"governance_compliance":"Compliant"},{"timestamp":"2025-04-24T07:00:00.000","hourly_revenue":643.5956378816,"operational_cost":316.48,"carbon_saved_today":86.24,"social_impact_index":8,"governance_compliance":"Compliant"},{"timestamp":"2025-04-24T08:00:00.000","hourly_revenue":821.2477714508,"operational_cost":224.14,"carbon_saved_today":110.05,"social_impact_index":8,"governance_compliance":"Compliant"},{"timestamp":"2025-04-24T09:00:00.000","hourly_revenue":1413.4273681389,"operational_cost":337.53,"carbon_saved_today":189.4,"social_impact_index":8,"governance_compliance":"Compliant"},{"timestamp":"2025-04-24T10:00:00.000","hourly_revenue":1834.3766750912,"operational_cost":279.19,"carbon_saved_today":245.81,"social_impact_index":8,"governance_compliance":"Compliant"},{"timestamp":"2025-04-24T11:00:00.000","hourly_revenue":2127.4177965455,"operational_cost":243.5,"carbon_saved_today":285.07,"social_impact_index":8,"governance_compliance":"Compliant"},{"timestamp":"2025-04-24T12:00:00.000","hourly_revenue":2059.6486834869,"operational_cost":277.5,"carbon_saved_today":275.99,"social_impact_index":8,"governance_compliance":"Compliant"},{"timestamp":"2025-04-24T13:00:00.000","hourly_revenue":1458.3266533005,"operational_cost":362.86,"carbon_saved_today":195.42,"social_impact_index":8,"governance_compliance":"Compliant"},{"timestamp":"2025-04-24T14:00:00.000","hourly_revenue":1581.7618919687,"operational_cost":273.23,"carbon_saved_today":211.96,"social_impact_index":8,"governance_compliance":"Compliant"},{"timestamp":"2025-04-24T15:00:00.000","hourly_revenue":1426.7375855164,"operational_cost":317.92,"carbon_saved_today":191.18,"social_impact_index":8,"governance_compliance":"Non-Compliant"},{"timestamp":"2025-04-24T16:00:00.000","hourly_revenue":793.9332495724,"operational_cost":263.45,"carbon_saved_today":106.39,"social_impact_index":8,"governance_compliance":"Compliant"},{"timestamp":"2025-04-24T17:00:00.000","hourly_revenue":478.9774951766,"operational_cost":337.9,"carbon_saved_today":64.18,"social_impact_index":8,"governance_compliance":"Compliant"},{"timestamp":"2025-04-24T18:00:00.000","hourly_revenue":0.0,"operational_cost":334.28,"carbon_saved_today":0.0,"social_impact_index":8,"governance_compliance":"Compliant"},{"timestamp":"2025-04-24T19:00:00.000","hourly_revenue":0.0,"operational_cost":392.43,"carbon_saved_today":0.0,"social_impact_index":8,"governance_compliance":"Compliant"},{"timestamp":"2025-04-24T20:00:00.000","hourly_revenue":0.0,"operational_cost":291.22,"carbon_saved_today":0.0,"social_impact_index":8,"governance_compliance":"Compliant"},{"timestamp":"2025-04-24T21:00:00.000","hourly_revenue":0.0,"operational_cost":333.43,"carbon_saved_today":0.0,"social_impact_index":8,"governance_compliance":"Compliant"},{"timestamp":"2025-04-24T22:00:00.000","hourly_revenue":0.0,"operational_cost":304.9,"carbon_saved_today":0.0,"social_impact_index":8,"governance_compliance":"Non-Compliant"},{"timestamp":"2025-04-24T23:00:00.000","hourly_revenue":0.0,"operational_cost":364.79,"carbon_saved_today":0.0,"social_impact_index":8,"governance_compliance":"Compliant"},{"timestamp":"2025-04-25T00:00:00.000","hourly_revenue":0.0,"operational_cost":264.06,"carbon_saved_today":0.0,"social_impact_index":5,"governance_compliance":"Compliant"},{"timestamp":"2025-04-25T01:00:00.000","hourly_revenue":0.0,"operational_cost":337.25,"carbon_saved_today":0.0,"social_impact_index":5,"governance_compliance":"Compliant"},{"timestamp":"2025-04-25T02:00:00.000","hourly_revenue":0.0,"operational_cost":290.27,"carbon_saved_today":0.0,"social_impact_index":5,"governance_compliance":"Compliant"},{"timestamp":"2025-04-25T03:00:00.000","hourly_revenue":0.0,"operational_cost":296.79,"carbon_saved_today":0.0,"social_impact_index":5,"governance_compliance":"Compliant"},{"timestamp":"2025-04-25T04:00:00.000","hourly_revenue":0.0,"operational_cost":304.59,"carbon_saved_today":0.0,"social_impact_index":5,"governance_compliance":"Compliant"},{"timestamp":"2025-04-25T05:00:00.000","hourly_revenue":0.0,"operational_cost":312.61,"carbon_saved_today":0.0,"social_impact_index":5,"governance_compliance":"Compliant"},{"timestamp":"2025-04-25T06:00:00.000","hourly_revenue":0.0,"operational_cost":294.19,"carbon_saved_today":0.0,"social_impact_index":5,"governance_compliance":"Compliant"},{"timestamp":"2025-04-25T07:00:00.000","hourly_revenue":630.5381272399,"operational_cost":310.74,"carbon_saved_today":84.49,"social_impact_index":5,"governance_compliance":"Compliant"},{"timestamp":"2025-04-25T08:00:00.000","hourly_revenue":775.9856418257,"operational_cost":378.91,"carbon_saved_today":103.98,"social_impact_index":5,"governance_compliance":"Compliant"},{"timestamp":"2025-04-25T09:00:00.000","hourly_revenue":1443.4144811026,"operational_cost":349.27,"carbon_saved_today":193.42,"social_impact_index":5,"governance_compliance":"Compliant"},{"timestamp":"2025-04-25T10:00:00.000","hourly_revenue":1339.1717698392,"operational_cost":343.46,"carbon_saved_today":179.45,"social_impact_index":5,"governance_compliance":"Compliant"},{"timestamp":"2025-04-25T11:00:00.000","hourly_revenue":1603.1262169722,"operational_cost":277.22,"carbon_saved_today":214.82,"social_impact_index":5,"governance_compliance":"Compliant"},{"timestamp":"2025-04-25T12:00:00.000","hourly_revenue":1549.8608524927,"operational_cost":255.54,"carbon_saved_today":207.68,"social_impact_index":5,"governance_compliance":"Compliant"},{"timestamp":"2025-04-25T13:00:00.000","hourly_revenue":1556.3090203724,"operational_cost":347.77,"carbon_saved_today":208.55,"social_impact_index":5,"governance_compliance":"Compliant"},{"timestamp":"2025-04-25T14:00:00.000","hourly_revenue":1115.1074170168,"operational_cost":343.8,"carbon_saved_today":149.42,"social_impact_index":5,"governance_compliance":"Compliant"},{"timestamp":"2025-04-25T15:00:00.000","hourly_revenue":1145.7799746338,"operational_cost":373.63,"carbon_saved_today":153.53,"social_impact_index":5,"governance_compliance":"Compliant"},{"timestamp":"2025-04-25T16:00:00.000","hourly_revenue":790.0574231923,"operational_cost":269.8,"carbon_saved_today":105.87,"social_impact_index":5,"governance_compliance":"Compliant"},{"timestamp":"2025-04-25T17:00:00.000","hourly_revenue":619.8241601172,"operational_cost":288.52,"carbon_saved_today":83.06,"social_impact_index":5,"governance_compliance":"Compliant"},{"timestamp":"2025-04-25T18:00:00.000","hourly_revenue":0.0,"operational_cost":218.03,"carbon_saved_today":0.0,"social_impact_index":5,"governance_compliance":"Compliant"},{"timestamp":"2025-04-25T19:00:00.000","hourly_revenue":0.0,"operational_cost":280.38,"carbon_saved_today":0.0,"social_impact_index":5,"governance_compliance":"Compliant"},{"timestamp":"2025-04-25T20:00:00.000","hourly_revenue":0.0,"operational_cost":349.83,"carbon_saved_today":0.0,"social_impact_index":5,"governance_compliance":"Compliant"},{"timestamp":"2025-04-25T21:00:00.000","hourly_revenue":0.0,"operational_cost":276.68,"carbon_saved_today":0.0,"social_impact_index":5,"governance_compliance":"Non-Compliant"},{"timestamp":"2025-04-25T22:00:00.000","hourly_revenue":0.0,"operational_cost":332.02,"carbon_saved_today":0.0,"social_impact_index":5,"governance_compliance":"Compliant"},{"timestamp":"2025-04-25T23:00:00.000","hourly_revenue":0.0,"operational_cost":290.47,"carbon_saved_today":0.0,"social_impact_index":5,"governance_compliance":"Compliant"},{"timestamp":"2025-04-26T00:00:00.000","hourly_revenue":0.0,"operational_cost":316.2,"carbon_saved_today":0.0,"social_impact_index":7,"governance_compliance":"Partial"},{"timestamp":"2025-04-26T01:00:00.000","hourly_revenue":0.0,"operational_cost":242.62,"carbon_saved_today":0.0,"social_impact_index":7,"governance_compliance":"Partial"},{"timestamp":"2025-04-26T02:00:00.000","hourly_revenue":0.0,"operational_cost":304.26,"carbon_saved_today":0.0,"social_impact_index":7,"governance_compliance":"Partial"},{"timestamp":"2025-04-26T03:00:00.000","hourly_revenue":0.0,"operational_cost":150.44,"carbon_saved_today":0.0,"social_impact_index":7,"governance_compliance":"Partial"},{"timestamp":"2025-04-26T04:00:00.000","hourly_revenue":0.0,"operational_cost":290.66,"carbon_saved_today":0.0,"social_impact_index":7,"governance_compliance":"Partial"},{"timestamp":"2025-04-26T05:00:00.000","hourly_revenue":0.0,"operational_cost":218.48,"carbon_saved_today":0.0,"social_impact_index":7,"governance_compliance":"Partial"},{"timestamp":"2025-04-26T06:00:00.000","hourly_revenue":0.0,"operational_cost":360.3,"carbon_saved_today":0.0,"social_impact_index":7,"governance_compliance":"Partial"},{"timestamp":"2025-04-26T07:00:00.000","hourly_revenue":0.0,"operational_cost":338.87,"carbon_saved_today":0.0,"social_impact_index":7,"governance_compliance":"Partial"},{"timestamp":"2025-04-26T08:00:00.000","hourly_revenue":0.0,"operational_cost":323.33,"carbon_saved_today":0.0,"social_impact_index":7,"governance_compliance":"Partial"},{"timestamp":"2025-04-26T09:00:00.000","hourly_revenue":0.0,"operational_cost":376.05,"carbon_saved_today":0.0,"social_impact_index":7,"governance_compliance":"Partial"},{"timestamp":"2025-04-26T10:00:00.000","hourly_revenue":0.0,"operational_cost":252.55,"carbon_saved_today":0.0,"social_impact_index":7,"governance_compliance":"Partial"},{"timestamp":"2025-04-26T11:00:00.000","hourly_revenue":0.0,"operational_cost":387.37,"carbon_saved_today":0.0,"social_impact_index":7,"governance_compliance":"Partial"},{"timestamp":"2025-04-26T12:00:00.000","hourly_revenue":0.0,"operational_cost":346.61,"carbon_saved_today":0.0,"social_impact_index":7,"governance_compliance":"Partial"},{"timestamp":"2025-04-26T13:00:00.000","hourly_revenue":0.0,"operational_cost":288.17,"carbon_saved_today":0.0,"social_impact_index":7,"governance_compliance":"Partial"},{"timestamp":"2025-04-26T14:00:00.000","hourly_revenue":0.0,"operational_cost":356.78,"carbon_saved_today":0.0,"social_impact_index":7,"governance_compliance":"Partial"},{"timestamp":"2025-04-26T15:00:00.000","hourly_revenue":0.0,"operational_cost":244.69,"carbon_saved_today":0.0,"social_impact_index":7,"governance_compliance":"Partial"},{"timestamp":"2025-04-26T16:00:00.000","hourly_revenue":0.0,"operational_cost":258.77,"carbon_saved_today":0.0,"social_impact_index":7,"governance_compliance":"Partial"},{"timestamp":"2025-04-26T17:00:00.000","hourly_revenue":0.0,"operational_cost":269.57,"carbon_saved_today":0.0,"social_impact_index":7,"governance_compliance":"Partial"},{"timestamp":"2025-04-26T18:00:00.000","hourly_revenue":0.0,"operational_cost":273.55,"carbon_saved_today":0.0,"social_impact_index":7,"governance_compliance":"Partial"},{"timestamp":"2025-04-26T19:00:00.000","hourly_revenue":0.0,"operational_cost":247.17,"carbon_saved_today":0.0,"social_impact_index":7,"governance_compliance":"Partial"},{"timestamp":"2025-04-26T20:00:00.000","hourly_revenue":0.0,"operational_cost":361.15,"carbon_saved_today":0.0,"social_impact_index":7,"governance_compliance":"Partial"},{"timestamp":"2025-04-26T21:00:00.000","hourly_revenue":0.0,"operational_cost":287.06,"carbon_saved_today":0.0,"social_impact_index":7,"governance_compliance":"Partial"},{"timestamp":"2025-04-26T22:00:00.000","hourly_revenue":0.0,"operational_cost":317.63,"carbon_saved_today":0.0,"social_impact_index":7,"governance_compliance":"Partial"},{"timestamp":"2025-04-26T23:00:00.000","hourly_revenue":0.0,"operational_cost":271.48,"carbon_saved_today":0.0,"social_impact_index":7,"governance_compliance":"Partial"},{"timestamp":"2025-04-27T00:00:00.000","hourly_revenue":0.0,"operational_cost":208.97,"carbon_saved_today":0.0,"social_impact_index":10,"governance_compliance":"Compliant"},{"timestamp":"2025-04-27T01:00:00.000","hourly_revenue":0.0,"operational_cost":313.5,"carbon_saved_today":0.0,"social_impact_index":10,"governance_compliance":"Compliant"},{"timestamp":"2025-04-27T02:00:00.000","hourly_revenue":0.0,"operational_cost":204.39,"carbon_saved_today":0.0,"social_impact_index":10,"governance_compliance":"Compliant"},{"timestamp":"2025-04-27T03:00:00.000","hourly_revenue":0.0,"operational_cost":296.57,"carbon_saved_today":0.0,"social_impact_index":10,"governance_compliance":"Compliant"},{"timestamp":"2025-04-27T04:00:00.000","hourly_revenue":0.0,"operational_cost":231.58,"carbon_saved_today":0.0,"social_impact_index":10,"governance_compliance":"Non-Compliant"},{"timestamp":"2025-04-27T05:00:00.000","hourly_revenue":0.0,"operational_cost":399.36,"carbon_saved_today":0.0,"social_impact_index":10,"governance_compliance":"Compliant"},{"timestamp":"2025-04-27T06:00:00.000","hourly_revenue":0.0,"operational_cost":345.57,"carbon_saved_today":0.0,"social_impact_index":10,"governance_compliance":"Compliant"},{"timestamp":"2025-04-27T07:00:00.000","hourly_revenue":475.423614779,"operational_cost":305.29,"carbon_saved_today":63.71,"social_impact_index":10,"governance_compliance":"Compliant"},{"timestamp":"2025-04-27T08:00:00.000","hourly_revenue":841.0589578443,"operational_cost":363.19,"carbon_saved_today":112.7,"social_impact_index":10,"governance_compliance":"Compliant"},{"timestamp":"2025-04-27T09:00:00.000","hourly_revenue":1619.0613412732,"operational_cost":257.68,"carbon_saved_today":216.95,"social_impact_index":10,"governance_compliance":"Compliant"},{"timestamp":"2025-04-27T10:00:00.000","hourly_revenue":1869.4957729308,"operational_cost":327.17,"carbon_saved_today":250.51,"social_impact_index":10,"governance_compliance":"Compliant"},{"timestamp":"2025-04-27T11:00:00.000","hourly_revenue":1930.1088485023,"operational_cost":309.99,"carbon_saved_today":258.63,"social_impact_index":10,"governance_compliance":"Compliant"},{"timestamp":"2025-04-27T12:00:00.000","hourly_revenue":2055.3635509376,"operational_cost":313.2,"carbon_saved_today":275.42,"social_impact_index":10,"governance_compliance":"Compliant"},{"timestamp":"2025-04-27T13:00:00.000","hourly_revenue":2143.5843113798,"operational_cost":363.62,"carbon_saved_today":287.24,"social_impact_index":10,"governance_compliance":"Compliant"},{"timestamp":"2025-04-27T14:00:00.000","hourly_revenue":1496.8857152846,"operational_cost":336.62,"carbon_saved_today":200.58,"social_impact_index":10,"governance_compliance":"Compliant"},{"timestamp":"2025-04-27T15:00:00.000","hourly_revenue":1765.1746401497,"operational_cost":314.44,"carbon_saved_today":236.53,"social_impact_index":10,"governance_compliance":"Compliant"},{"timestamp":"2025-04-27T16:00:00.000","hourly_revenue":1237.3965810734,"operational_cost":217.26,"carbon_saved_today":165.81,"social_impact_index":10,"governance_compliance":"Compliant"},{"timestamp":"2025-04-27T17:00:00.000","hourly_revenue":556.5452407997,"operational_cost":252.0,"carbon_saved_today":74.58,"social_impact_index":10,"governance_compliance":"Compliant"},{"timestamp":"2025-04-27T18:00:00.000","hourly_revenue":0.0,"operational_cost":293.86,"carbon_saved_today":0.0,"social_impact_index":10,"governance_compliance":"Compliant"},{"timestamp":"2025-04-27T19:00:00.000","hourly_revenue":0.0,"operational_cost":304.67,"carbon_saved_today":0.0,"social_impact_index":10,"governance_compliance":"Compliant"},{"timestamp":"2025-04-27T20:00:00.000","hourly_revenue":0.0,"operational_cost":243.49,"carbon_saved_today":0.0,"social_impact_index":10,"governance_compliance":"Compliant"},{"timestamp":"2025-04-27T21:00:00.000","hourly_revenue":0.0,"operational_cost":420.58,"carbon_saved_today":0.0,"social_impact_index":10,"governance_compliance":"Compliant"},{"timestamp":"2025-04-27T22:00:00.000","hourly_revenue":0.0,"operational_cost":375.82,"carbon_saved_today":0.0,"social_impact_index":10,"governance_compliance":"Compliant"},{"timestamp":"2025-04-27T23:00:00.000","hourly_revenue":0.0,"operational_cost":330.11,"carbon_saved_today":0.0,"social_impact_index":10,"governance_compliance":"Compliant"},{"timestamp":"2025-04-28T00:00:00.000","hourly_revenue":0.0,"operational_cost":303.6,"carbon_saved_today":0.0,"social_impact_index":8,"governance_compliance":"Compliant"},{"timestamp":"2025-04-28T01:00:00.000","hourly_revenue":0.0,"operational_cost":289.39,"carbon_saved_today":0.0,"social_impact_index":8,"governance_compliance":"Compliant"},{"timestamp":"2025-04-28T02:00:00.000","hourly_revenue":0.0,"operational_cost":252.4,"carbon_saved_today":0.0,"social_impact_index":8,"governance_compliance":"Compliant"},{"timestamp":"2025-04-28T03:00:00.000","hourly_revenue":0.0,"operational_cost":303.87,"carbon_saved_today":0.0,"social_impact_index":8,"governance_compliance":"Compliant"},{"timestamp":"2025-04-28T04:00:00.000","hourly_revenue":0.0,"operational_cost":312.89,"carbon_saved_today":0.0,"social_impact_index":8,"governance_compliance":"Compliant"},{"timestamp":"2025-04-28T05:00:00.000","hourly_revenue":0.0,"operational_cost":237.91,"carbon_saved_today":0.0,"social_impact_index":8,"governance_compliance":"Compliant"},{"timestamp":"2025-04-28T06:00:00.000","hourly_revenue":0.0,"operational_cost":316.71,"carbon_saved_today":0.0,"social_impact_index":8,"governance_compliance":"Compliant"},{"timestamp":"2025-04-28T07:00:00.000","hourly_revenue":398.609590275,"operational_cost":292.24,"carbon_saved_today":53.41,"social_impact_index":8,"governance_compliance":"Compliant"},{"timestamp":"2025-04-28T08:00:00.000","hourly_revenue":1183.5157480612,"operational_cost":204.61,"carbon_saved_today":158.59,"social_impact_index":8,"governance_compliance":"Compliant"},{"timestamp":"2025-04-28T09:00:00.000","hourly_revenue":1469.8454772873,"operational_cost":256.98,"carbon_saved_today":196.96,"social_impact_index":8,"governance_compliance":"Compliant"},{"timestamp":"2025-04-28T10:00:00.000","hourly_revenue":1678.8902011864,"operational_cost":279.32,"carbon_saved_today":224.97,"social_impact_index":8,"governance_compliance":"Compliant"},{"timestamp":"2025-04-28T11:00:00.000","hourly_revenue":2149.4338443426,"operational_cost":394.38,"carbon_saved_today":288.02,"social_impact_index":8,"governance_compliance":"Compliant"},{"timestamp":"2025-04-28T12:00:00.000","hourly_revenue":1986.6689414247,"operational_cost":327.83,"carbon_saved_today":266.21,"social_impact_index":8,"governance_compliance":"Compliant"},{"timestamp":"2025-04-28T13:00:00.000","hourly_revenue":2292.5508023777,"operational_cost":233.23,"carbon_saved_today":307.2,"social_impact_index":8,"governance_compliance":"Compliant"},{"timestamp":"2025-04-28T14:00:00.000","hourly_revenue":2079.0688011464,"operational_cost":324.3,"carbon_saved_today":278.6,"social_impact_index":8,"governance_compliance":"Compliant"},{"timestamp":"2025-04-28T15:00:00.000","hourly_revenue":1358.8618989403,"operational_cost":222.63,"carbon_saved_today":182.09,"social_impact_index":8,"governance_compliance":"Compliant"},{"timestamp":"2025-04-28T16:00:00.000","hourly_revenue":888.4138986175,"operational_cost":354.13,"carbon_saved_today":119.05,"social_impact_index":8,"governance_compliance":"Compliant"},{"timestamp":"2025-04-28T17:00:00.000","hourly_revenue":541.5401140665,"operational_cost":276.44,"carbon_saved_today":72.57,"social_impact_index":8,"governance_compliance":"Compliant"},{"timestamp":"2025-04-28T18:00:00.000","hourly_revenue":0.0,"operational_cost":295.32,"carbon_saved_today":0.0,"social_impact_index":8,"governance_compliance":"Compliant"},{"timestamp":"2025-04-28T19:00:00.000","hourly_revenue":0.0,"operational_cost":366.29,"carbon_saved_today":0.0,"social_impact_index":8,"governance_compliance":"Non-Compliant"},{"timestamp":"2025-04-28T20:00:00.000","hourly_revenue":0.0,"operational_cost":235.64,"carbon_saved_today":0.0,"social_impact_index":8,"governance_compliance":"Compliant"},{"timestamp":"2025-04-28T21:00:00.000","hourly_revenue":0.0,"operational_cost":230.14,"carbon_saved_today":0.0,"social_impact_index":8,"governance_compliance":"Compliant"},{"timestamp":"2025-04-28T22:00:00.000","hourly_revenue":0.0,"operational_cost":270.82,"carbon_saved_today":0.0,"social_impact_index":8,"governance_compliance":"Compliant"},{"timestamp":"2025-04-28T23:00:00.000","hourly_revenue":0.0,"operational_cost":351.92,"carbon_saved_today":0.0,"social_impact_index":8,"governance_compliance":"Compliant"},{"timestamp":"2025-04-29T00:00:00.000","hourly_revenue":0.0,"operational_cost":224.03,"carbon_saved_today":0.0,"social_impact_index":8,"governance_compliance":"Compliant"},{"timestamp":"2025-04-29T01:00:00.000","hourly_revenue":0.0,"operational_cost":158.39,"carbon_saved_today":0.0,"social_impact_index":8,"governance_compliance":"Compliant"},{"timestamp":"2025-04-29T02:00:00.000","hourly_revenue":0.0,"operational_cost":277.44,"carbon_saved_today":0.0,"social_impact_index":8,"governance_compliance":"Compliant"},{"timestamp":"2025-04-29T03:00:00.000","hourly_revenue":0.0,"operational_cost":327.59,"carbon_saved_today":0.0,"social_impact_index":8,"governance_compliance":"Compliant"},{"timestamp":"2025-04-29T04:00:00.000","hourly_revenue":0.0,"operational_cost":360.01,"carbon_saved_today":0.0,"social_impact_index":8,"governance_compliance":"Compliant"},{"timestamp":"2025-04-29T05:00:00.000","hourly_revenue":0.0,"operational_cost":276.84,"carbon_saved_today":0.0,"social_impact_index":8,"governance_compliance":"Compliant"},{"timestamp":"2025-04-29T06:00:00.000","hourly_revenue":0.0,"operational_cost":279.43,"carbon_saved_today":0.0,"social_impact_index":8,"governance_compliance":"Compliant"},{"timestamp":"2025-04-29T07:00:00.000","hourly_revenue":515.6394523848,"operational_cost":357.7,"carbon_saved_today":69.1,"social_impact_index":8,"governance_compliance":"Compliant"},{"timestamp":"2025-04-29T08:00:00.000","hourly_revenue":873.6155372016,"operational_cost":206.51,"carbon_saved_today":117.06,"social_impact_index":8,"governance_compliance":"Compliant"},{"timestamp":"2025-04-29T09:00:00.000","hourly_revenue":1676.3733316871,"operational_cost":280.57,"carbon_saved_today":224.63,"social_impact_index":8,"governance_compliance":"Compliant"},{"timestamp":"2025-04-29T10:00:00.000","hourly_revenue":1684.6837689477,"operational_cost":309.52,"carbon_saved_today":225.75,"social_impact_index":8,"governance_compliance":"Compliant"},{"timestamp":"2025-04-29T11:00:00.000","hourly_revenue":1946.1641174161,"operational_cost":322.46,"carbon_saved_today":260.79,"social_impact_index":8,"governance_compliance":"Compliant"},{"timestamp":"2025-04-29T12:00:00.000","hourly_revenue":1859.2333693998,"operational_cost":274.51,"carbon_saved_today":249.14,"social_impact_index":8,"governance_compliance":"Compliant"},{"timestamp":"2025-04-29T13:00:00.000","hourly_revenue":2021.6352805547,"operational_cost":301.72,"carbon_saved_today":270.9,"social_impact_index":8,"governance_compliance":"Compliant"},{"timestamp":"2025-04-29T14:00:00.000","hourly_revenue":1440.6539334605,"operational_cost":175.58,"carbon_saved_today":193.05,"social_impact_index":8,"governance_compliance":"Compliant"},{"timestamp":"2025-04-29T15:00:00.000","hourly_revenue":1337.1965783431,"operational_cost":267.09,"carbon_saved_today":179.18,"social_impact_index":8,"governance_compliance":"Compliant"},{"timestamp":"2025-04-29T16:00:00.000","hourly_revenue":1234.7061611676,"operational_cost":322.68,"carbon_saved_today":165.45,"social_impact_index":8,"governance_compliance":"Compliant"},{"timestamp":"2025-04-29T17:00:00.000","hourly_revenue":455.0384162145,"operational_cost":250.89,"carbon_saved_today":60.98,"social_impact_index":8,"governance_compliance":"Compliant"},{"timestamp":"2025-04-29T18:00:00.000","hourly_revenue":0.0,"operational_cost":302.95,"carbon_saved_today":0.0,"social_impact_index":8,"governance_compliance":"Compliant"},{"timestamp":"2025-04-29T19:00:00.000","hourly_revenue":0.0,"operational_cost":322.34,"carbon_saved_today":0.0,"social_impact_index":8,"governance_compliance":"Compliant"},{"timestamp":"2025-04-29T20:00:00.000","hourly_revenue":0.0,"operational_cost":282.87,"carbon_saved_today":0.0,"social_impact_index":8,"governance_compliance":"Compliant"},{"timestamp":"2025-04-29T21:00:00.000","hourly_revenue":0.0,"operational_cost":308.52,"carbon_saved_today":0.0,"social_impact_index":8,"governance_compliance":"Compliant"},{"timestamp":"2025-04-29T22:00:00.000","hourly_revenue":0.0,"operational_cost":251.86,"carbon_saved_today":0.0,"social_impact_index":8,"governance_compliance":"Compliant"},{"timestamp":"2025-04-29T23:00:00.000","hourly_revenue":0.0,"operational_cost":289.67,"carbon_saved_today":0.0,"social_impact_index":8,"governance_compliance":"Compliant"},{"timestamp":"2025-04-30T00:00:00.000","hourly_revenue":0.0,"operational_cost":330.51,"carbon_saved_today":0.0,"social_impact_index":8,"governance_compliance":"Compliant"},{"timestamp":"2025-04-30T01:00:00.000","hourly_revenue":0.0,"operational_cost":307.85,"carbon_saved_today":0.0,"social_impact_index":8,"governance_compliance":"Non-Compliant"},{"timestamp":"2025-04-30T02:00:00.000","hourly_revenue":0.0,"operational_cost":270.67,"carbon_saved_today":0.0,"social_impact_index":8,"governance_compliance":"Compliant"},{"timestamp":"2025-04-30T03:00:00.000","hourly_revenue":0.0,"operational_cost":311.21,"carbon_saved_today":0.0,"social_impact_index":8,"governance_compliance":"Compliant"},{"timestamp":"2025-04-30T04:00:00.000","hourly_revenue":0.0,"operational_cost":335.73,"carbon_saved_today":0.0,"social_impact_index":8,"governance_compliance":"Compliant"},{"timestamp":"2025-04-30T05:00:00.000","hourly_revenue":0.0,"operational_cost":197.5,"carbon_saved_today":0.0,"social_impact_index":8,"governance_compliance":"Compliant"},{"timestamp":"2025-04-30T06:00:00.000","hourly_revenue":0.0,"operational_cost":357.95,"carbon_saved_today":0.0,"social_impact_index":8,"governance_compliance":"Compliant"},{"timestamp":"2025-04-30T07:00:00.000","hourly_revenue":452.6005581883,"operational_cost":283.19,"carbon_saved_today":60.65,"social_impact_index":8,"governance_compliance":"Compliant"},{"timestamp":"2025-04-30T08:00:00.000","hourly_revenue":1058.572493302,"operational_cost":321.27,"carbon_saved_today":141.85,"social_impact_index":8,"governance_compliance":"Compliant"},{"timestamp":"2025-04-30T09:00:00.000","hourly_revenue":1560.4271346277,"operational_cost":359.86,"carbon_saved_today":209.1,"social_impact_index":8,"governance_compliance":"Compliant"},{"timestamp":"2025-04-30T10:00:00.000","hourly_revenue":1443.7006414155,"operational_cost":231.42,"carbon_saved_today":193.46,"social_impact_index":8,"governance_compliance":"Compliant"},{"timestamp":"2025-04-30T11:00:00.000","hourly_revenue":1610.7964694288,"operational_cost":264.53,"carbon_saved_today":215.85,"social_impact_index":8,"governance_compliance":"Compliant"},{"timestamp":"2025-04-30T12:00:00.000","hourly_revenue":1536.6714269335,"operational_cost":285.57,"carbon_saved_today":205.91,"social_impact_index":8,"governance_compliance":"Compliant"},{"timestamp":"2025-04-30T13:00:00.000","hourly_revenue":2160.1984643168,"operational_cost":260.81,"carbon_saved_today":289.47,"social_impact_index":8,"governance_compliance":"Compliant"},{"timestamp":"2025-04-30T14:00:00.000","hourly_revenue":1873.9096897443,"operational_cost":386.75,"carbon_saved_today":251.1,"social_impact_index":8,"governance_compliance":"Compliant"},{"timestamp":"2025-04-30T15:00:00.000","hourly_revenue":1396.274882583,"operational_cost":257.16,"carbon_saved_today":187.1,"social_impact_index":8,"governance_compliance":"Compliant"},{"timestamp":"2025-04-30T16:00:00.000","hourly_revenue":1172.0852244846,"operational_cost":272.22,"carbon_saved_today":157.06,"social_impact_index":8,"governance_compliance":"Compliant"},{"timestamp":"2025-04-30T17:00:00.000","hourly_revenue":596.7513473079,"operational_cost":310.22,"carbon_saved_today":79.96,"social_impact_index":8,"governance_compliance":"Compliant"},{"timestamp":"2025-04-30T18:00:00.000","hourly_revenue":0.0,"operational_cost":239.89,"carbon_saved_today":0.0,"social_impact_index":8,"governance_compliance":"Compliant"},{"timestamp":"2025-04-30T19:00:00.000","hourly_revenue":0.0,"operational_cost":280.22,"carbon_saved_today":0.0,"social_impact_index":8,"governance_compliance":"Compliant"},{"timestamp":"2025-04-30T20:00:00.000","hourly_revenue":0.0,"operational_cost":315.87,"carbon_saved_today":0.0,"social_impact_index":8,"governance_compliance":"Compliant"},{"timestamp":"2025-04-30T21:00:00.000","hourly_revenue":0.0,"operational_cost":283.36,"carbon_saved_today":0.0,"social_impact_index":8,"governance_compliance":"Compliant"},{"timestamp":"2025-04-30T22:00:00.000","hourly_revenue":0.0,"operational_cost":295.33,"carbon_saved_today":0.0,"social_impact_index":8,"governance_compliance":"Compliant"},{"timestamp":"2025-04-30T23:00:00.000","hourly_revenue":0.0,"operational_cost":273.53,"carbon_saved_today":0.0,"social_impact_index":8,"governance_compliance":"Compliant"},{"timestamp":"2025-05-01T00:00:00.000","hourly_revenue":0.0,"operational_cost":224.28,"carbon_saved_today":0.0,"social_impact_index":8,"governance_compliance":"Compliant"},{"timestamp":"2025-05-01T01:00:00.000","hourly_revenue":0.0,"operational_cost":316.08,"carbon_saved_today":0.0,"social_impact_index":8,"governance_compliance":"Compliant"},{"timestamp":"2025-05-01T02:00:00.000","hourly_revenue":0.0,"operational_cost":387.75,"carbon_saved_today":0.0,"social_impact_index":8,"governance_compliance":"Compliant"},{"timestamp":"2025-05-01T03:00:00.000","hourly_revenue":0.0,"operational_cost":300.92,"carbon_saved_today":0.0,"social_impact_index":8,"governance_compliance":"Compliant"},{"timestamp":"2025-05-01T04:00:00.000","hourly_revenue":0.0,"operational_cost":311.26,"carbon_saved_today":0.0,"social_impact_index":8,"governance_compliance":"Compliant"},{"timestamp":"2025-05-01T05:00:00.000","hourly_revenue":0.0,"operational_cost":334.64,"carbon_saved_today":0.0,"social_impact_index":8,"governance_compliance":"Compliant"},{"timestamp":"2025-05-01T06:00:00.000","hourly_revenue":0.0,"operational_cost":236.53,"carbon_saved_today":0.0,"social_impact_index":8,"governance_compliance":"Non-Compliant"},{"timestamp":"2025-05-01T07:00:00.000","hourly_revenue":519.5105964813,"operational_cost":385.13,"carbon_saved_today":69.61,"social_impact_index":8,"governance_compliance":"Compliant"},{"timestamp":"2025-05-01T08:00:00.000","hourly_revenue":770.7864295252,"operational_cost":310.12,"carbon_saved_today":103.29,"social_impact_index":8,"governance_compliance":"Compliant"},{"timestamp":"2025-05-01T09:00:00.000","hourly_revenue":1165.554655123,"operational_cost":381.59,"carbon_saved_today":156.18,"social_impact_index":8,"governance_compliance":"Compliant"},{"timestamp":"2025-05-01T10:00:00.000","hourly_revenue":2153.484856298,"operational_cost":263.35,"carbon_saved_today":288.57,"social_impact_index":8,"governance_compliance":"Compliant"},{"timestamp":"2025-05-01T11:00:00.000","hourly_revenue":2381.1218137556,"operational_cost":390.9,"carbon_saved_today":319.07,"social_impact_index":8,"governance_compliance":"Compliant"},{"timestamp":"2025-05-01T12:00:00.000","hourly_revenue":1504.9399809344,"operational_cost":338.76,"carbon_saved_today":201.66,"social_impact_index":8,"governance_compliance":"Compliant"},{"timestamp":"2025-05-01T13:00:00.000","hourly_revenue":2368.2683247402,"operational_cost":327.65,"carbon_saved_today":317.35,"social_impact_index":8,"governance_compliance":"Non-Compliant"},{"timestamp":"2025-05-01T14:00:00.000","hourly_revenue":1852.53220789,"operational_cost":311.7,"carbon_saved_today":248.24,"social_impact_index":8,"governance_compliance":"Compliant"},{"timestamp":"2025-05-01T15:00:00.000","hourly_revenue":1674.3710833508,"operational_cost":287.57,"carbon_saved_today":224.37,"social_impact_index":8,"governance_compliance":"Compliant"},{"timestamp":"2025-05-01T16:00:00.000","hourly_revenue":977.3699278169,"operational_cost":360.03,"carbon_saved_today":130.97,"social_impact_index":8,"governance_compliance":"Compliant"},{"timestamp":"2025-05-01T17:00:00.000","hourly_revenue":521.6746394293,"operational_cost":307.02,"carbon_saved_today":69.9,"social_impact_index":8,"governance_compliance":"Compliant"},{"timestamp":"2025-05-01T18:00:00.000","hourly_revenue":0.0,"operational_cost":201.65,"carbon_saved_today":0.0,"social_impact_index":8,"governance_compliance":"Compliant"},{"timestamp":"2025-05-01T19:00:00.000","hourly_revenue":0.0,"operational_cost":244.14,"carbon_saved_today":0.0,"social_impact_index":8,"governance_compliance":"Non-Compliant"},{"timestamp":"2025-05-01T20:00:00.000","hourly_revenue":0.0,"operational_cost":290.71,"carbon_saved_today":0.0,"social_impact_index":8,"governance_compliance":"Compliant"},{"timestamp":"2025-05-01T21:00:00.000","hourly_revenue":0.0,"operational_cost":315.5,"carbon_saved_today":0.0,"social_impact_index":8,"governance_compliance":"Compliant"},{"timestamp":"2025-05-01T22:00:00.000","hourly_revenue":0.0,"operational_cost":297.17,"carbon_saved_today":0.0,"social_impact_index":8,"governance_compliance":"Compliant"},{"timestamp":"2025-05-01T23:00:00.000","hourly_revenue":0.0,"operational_cost":360.95,"carbon_saved_today":0.0,"social_impact_index":8,"governance_compliance":"Compliant"},{"timestamp":"2025-05-02T00:00:00.000","hourly_revenue":0.0,"operational_cost":202.44,"carbon_saved_today":0.0,"social_impact_index":5,"governance_compliance":"Compliant"},{"timestamp":"2025-05-02T01:00:00.000","hourly_revenue":0.0,"operational_cost":307.18,"carbon_saved_today":0.0,"social_impact_index":5,"governance_compliance":"Compliant"},{"timestamp":"2025-05-02T02:00:00.000","hourly_revenue":0.0,"operational_cost":209.1,"carbon_saved_today":0.0,"social_impact_index":5,"governance_compliance":"Compliant"},{"timestamp":"2025-05-02T03:00:00.000","hourly_revenue":0.0,"operational_cost":337.99,"carbon_saved_today":0.0,"social_impact_index":5,"governance_compliance":"Compliant"},{"timestamp":"2025-05-02T04:00:00.000","hourly_revenue":0.0,"operational_cost":295.28,"carbon_saved_today":0.0,"social_impact_index":5,"governance_compliance":"Compliant"},{"timestamp":"2025-05-02T05:00:00.000","hourly_revenue":0.0,"operational_cost":320.98,"carbon_saved_today":0.0,"social_impact_index":5,"governance_compliance":"Compliant"},{"timestamp":"2025-05-02T06:00:00.000","hourly_revenue":0.0,"operational_cost":256.81,"carbon_saved_today":0.0,"social_impact_index":5,"governance_compliance":"Compliant"},{"timestamp":"2025-05-02T07:00:00.000","hourly_revenue":434.0783069987,"operational_cost":363.97,"carbon_saved_today":58.17,"social_impact_index":5,"governance_compliance":"Compliant"},{"timestamp":"2025-05-02T08:00:00.000","hourly_revenue":1096.3129761131,"operational_cost":352.09,"carbon_saved_today":146.91,"social_impact_index":5,"governance_compliance":"Compliant"},{"timestamp":"2025-05-02T09:00:00.000","hourly_revenue":1653.2971765061,"operational_cost":329.18,"carbon_saved_today":221.54,"social_impact_index":5,"governance_compliance":"Compliant"},{"timestamp":"2025-05-02T10:00:00.000","hourly_revenue":1481.968611562,"operational_cost":293.52,"carbon_saved_today":198.58,"social_impact_index":5,"governance_compliance":"Compliant"},{"timestamp":"2025-05-02T11:00:00.000","hourly_revenue":1476.1989590038,"operational_cost":328.99,"carbon_saved_today":197.81,"social_impact_index":5,"governance_compliance":"Compliant"},{"timestamp":"2025-05-02T12:00:00.000","hourly_revenue":1398.0223348059,"operational_cost":264.66,"carbon_saved_today":187.33,"social_impact_index":5,"governance_compliance":"Compliant"},{"timestamp":"2025-05-02T13:00:00.000","hourly_revenue":1431.9783418118,"operational_cost":342.78,"carbon_saved_today":191.89,"social_impact_index":5,"governance_compliance":"Compliant"},{"timestamp":"2025-05-02T14:00:00.000","hourly_revenue":1436.0723269971,"operational_cost":382.47,"carbon_saved_today":192.43,"social_impact_index":5,"governance_compliance":"Compliant"},{"timestamp":"2025-05-02T15:00:00.000","hourly_revenue":1024.8995351275,"operational_cost":353.53,"carbon_saved_today":137.34,"social_impact_index":5,"governance_compliance":"Compliant"},{"timestamp":"2025-05-02T16:00:00.000","hourly_revenue":765.1935298484,"operational_cost":263.52,"carbon_saved_today":102.54,"social_impact_index":5,"governance_compliance":"Compliant"},{"timestamp":"2025-05-02T17:00:00.000","hourly_revenue":629.1758200643,"operational_cost":318.07,"carbon_saved_today":84.31,"social_impact_index":5,"governance_compliance":"Compliant"},{"timestamp":"2025-05-02T18:00:00.000","hourly_revenue":0.0,"operational_cost":235.34,"carbon_saved_today":0.0,"social_impact_index":5,"governance_compliance":"Compliant"},{"timestamp":"2025-05-02T19:00:00.000","hourly_revenue":0.0,"operational_cost":328.62,"carbon_saved_today":0.0,"social_impact_index":5,"governance_compliance":"Compliant"},{"timestamp":"2025-05-02T20:00:00.000","hourly_revenue":0.0,"operational_cost":322.53,"carbon_saved_today":0.0,"social_impact_index":5,"governance_compliance":"Compliant"},{"timestamp":"2025-05-02T21:00:00.000","hourly_revenue":0.0,"operational_cost":206.51,"carbon_saved_today":0.0,"social_impact_index":5,"governance_compliance":"Compliant"},{"timestamp":"2025-05-02T22:00:00.000","hourly_revenue":0.0,"operational_cost":241.91,"carbon_saved_today":0.0,"social_impact_index":5,"governance_compliance":"Compliant"},{"timestamp":"2025-05-02T23:00:00.000","hourly_revenue":0.0,"operational_cost":285.84,"carbon_saved_today":0.0,"social_impact_index":5,"governance_compliance":"Compliant"},{"timestamp":"2025-05-03T00:00:00.000","hourly_revenue":0.0,"operational_cost":284.96,"carbon_saved_today":0.0,"social_impact_index":10,"governance_compliance":"Compliant"},{"timestamp":"2025-05-03T01:00:00.000","hourly_revenue":0.0,"operational_cost":239.53,"carbon_saved_today":0.0,"social_impact_index":10,"governance_compliance":"Compliant"},{"timestamp":"2025-05-03T02:00:00.000","hourly_revenue":0.0,"operational_cost":319.45,"carbon_saved_today":0.0,"social_impact_index":10,"governance_compliance":"Compliant"},{"timestamp":"2025-05-03T03:00:00.000","hourly_revenue":0.0,"operational_cost":312.57,"carbon_saved_today":0.0,"social_impact_index":10,"governance_compliance":"Compliant"},{"timestamp":"2025-05-03T04:00:00.000","hourly_revenue":0.0,"operational_cost":290.29,"carbon_saved_today":0.0,"social_impact_index":10,"governance_compliance":"Compliant"},{"timestamp":"2025-05-03T05:00:00.000","hourly_revenue":0.0,"operational_cost":262.21,"carbon_saved_today":0.0,"social_impact_index":10,"governance_compliance":"Compliant"},{"timestamp":"2025-05-03T06:00:00.000","hourly_revenue":0.0,"operational_cost":352.44,"carbon_saved_today":0.0,"social_impact_index":10,"governance_compliance":"Compliant"},{"timestamp":"2025-05-03T07:00:00.000","hourly_revenue":590.7248315398,"operational_cost":382.77,"carbon_saved_today":79.16,"social_impact_index":10,"governance_compliance":"Compliant"},{"timestamp":"2025-05-03T08:00:00.000","hourly_revenue":1033.5081304933,"operational_cost":275.82,"carbon_saved_today":138.49,"social_impact_index":10,"governance_compliance":"Compliant"},{"timestamp":"2025-05-03T09:00:00.000","hourly_revenue":1582.8226152033,"operational_cost":269.39,"carbon_saved_today":212.1,"social_impact_index":10,"governance_compliance":"Compliant"},{"timestamp":"2025-05-03T10:00:00.000","hourly_revenue":2059.8548993836,"operational_cost":324.56,"carbon_saved_today":276.02,"social_impact_index":10,"governance_compliance":"Compliant"},{"timestamp":"2025-05-03T11:00:00.000","hourly_revenue":1839.2583135611,"operational_cost":282.1,"carbon_saved_today":246.46,"social_impact_index":10,"governance_compliance":"Compliant"},{"timestamp":"2025-05-03T12:00:00.000","hourly_revenue":1827.0331615632,"operational_cost":293.03,"carbon_saved_today":244.82,"social_impact_index":10,"governance_compliance":"Compliant"},{"timestamp":"2025-05-03T13:00:00.000","hourly_revenue":2093.7344320092,"operational_cost":336.98,"carbon_saved_today":280.56,"social_impact_index":10,"governance_compliance":"Compliant"},{"timestamp":"2025-05-03T14:00:00.000","hourly_revenue":1998.653213742,"operational_cost":204.53,"carbon_saved_today":267.82,"social_impact_index":10,"governance_compliance":"Compliant"},{"timestamp":"2025-05-03T15:00:00.000","hourly_revenue":1599.6771597781,"operational_cost":365.92,"carbon_saved_today":214.36,"social_impact_index":10,"governance_compliance":"Non-Compliant"},{"timestamp":"2025-05-03T16:00:00.000","hourly_revenue":1148.9068244293,"operational_cost":303.63,"carbon_saved_today":153.95,"social_impact_index":10,"governance_compliance":"Compliant"},{"timestamp":"2025-05-03T17:00:00.000","hourly_revenue":500.9658252563,"operational_cost":279.43,"carbon_saved_today":67.13,"social_impact_index":10,"governance_compliance":"Compliant"},{"timestamp":"2025-05-03T18:00:00.000","hourly_revenue":0.0,"operational_cost":295.54,"carbon_saved_today":0.0,"social_impact_index":10,"governance_compliance":"Compliant"},{"timestamp":"2025-05-03T19:00:00.000","hourly_revenue":0.0,"operational_cost":298.12,"carbon_saved_today":0.0,"social_impact_index":10,"governance_compliance":"Compliant"},{"timestamp":"2025-05-03T20:00:00.000","hourly_revenue":0.0,"operational_cost":213.44,"carbon_saved_today":0.0,"social_impact_index":10,"governance_compliance":"Compliant"},{"timestamp":"2025-05-03T21:00:00.000","hourly_revenue":0.0,"operational_cost":374.75,"carbon_saved_today":0.0,"social_impact_index":10,"governance_compliance":"Compliant"},{"timestamp":"2025-05-03T22:00:00.000","hourly_revenue":0.0,"operational_cost":302.07,"carbon_saved_today":0.0,"social_impact_index":10,"governance_compliance":"Compliant"},{"timestamp":"2025-05-03T23:00:00.000","hourly_revenue":0.0,"operational_cost":322.15,"carbon_saved_today":0.0,"social_impact_index":10,"governance_compliance":"Compliant"},{"timestamp":"2025-05-04T00:00:00.000","hourly_revenue":0.0,"operational_cost":347.58,"carbon_saved_today":0.0,"social_impact_index":10,"governance_compliance":"Compliant"},{"timestamp":"2025-05-04T01:00:00.000","hourly_revenue":0.0,"operational_cost":248.94,"carbon_saved_today":0.0,"social_impact_index":10,"governance_compliance":"Compliant"},{"timestamp":"2025-05-04T02:00:00.000","hourly_revenue":0.0,"operational_cost":323.67,"carbon_saved_today":0.0,"social_impact_index":10,"governance_compliance":"Compliant"},{"timestamp":"2025-05-04T03:00:00.000","hourly_revenue":0.0,"operational_cost":286.62,"carbon_saved_today":0.0,"social_impact_index":10,"governance_compliance":"Compliant"},{"timestamp":"2025-05-04T04:00:00.000","hourly_revenue":0.0,"operational_cost":342.34,"carbon_saved_today":0.0,"social_impact_index":10,"governance_compliance":"Compliant"},{"timestamp":"2025-05-04T05:00:00.000","hourly_revenue":0.0,"operational_cost":193.64,"carbon_saved_today":0.0,"social_impact_index":10,"governance_compliance":"Compliant"},{"timestamp":"2025-05-04T06:00:00.000","hourly_revenue":0.0,"operational_cost":295.05,"carbon_saved_today":0.0,"social_impact_index":10,"governance_compliance":"Compliant"},{"timestamp":"2025-05-04T07:00:00.000","hourly_revenue":407.1730667489,"operational_cost":269.86,"carbon_saved_today":54.56,"social_impact_index":10,"governance_compliance":"Non-Compliant"},{"timestamp":"2025-05-04T08:00:00.000","hourly_revenue":1051.7242966907,"operational_cost":321.61,"carbon_saved_today":140.93,"social_impact_index":10,"governance_compliance":"Compliant"},{"timestamp":"2025-05-04T09:00:00.000","hourly_revenue":1533.1579729137,"operational_cost":323.5,"carbon_saved_today":205.44,"social_impact_index":10,"governance_compliance":"Compliant"},{"timestamp":"2025-05-04T10:00:00.000","hourly_revenue":1835.5324827202,"operational_cost":264.62,"carbon_saved_today":245.96,"social_impact_index":10,"governance_compliance":"Compliant"},{"timestamp":"2025-05-04T11:00:00.000","hourly_revenue":1896.5896066717,"operational_cost":264.39,"carbon_saved_today":254.14,"social_impact_index":10,"governance_compliance":"Compliant"},{"timestamp":"2025-05-04T12:00:00.000","hourly_revenue":1879.7857801792,"operational_cost":294.47,"carbon_saved_today":251.89,"social_impact_index":10,"governance_compliance":"Compliant"},{"timestamp":"2025-05-04T13:00:00.000","hourly_revenue":2282.8050082594,"operational_cost":255.17,"carbon_saved_today":305.9,"social_impact_index":10,"governance_compliance":"Compliant"},{"timestamp":"2025-05-04T14:00:00.000","hourly_revenue":1748.5761182464,"operational_cost":342.1,"carbon_saved_today":234.31,"social_impact_index":10,"governance_compliance":"Compliant"},{"timestamp":"2025-05-04T15:00:00.000","hourly_revenue":1399.4929268735,"operational_cost":281.54,"carbon_saved_today":187.53,"social_impact_index":10,"governance_compliance":"Compliant"},{"timestamp":"2025-05-04T16:00:00.000","hourly_revenue":762.8210329032,"operational_cost":154.65,"carbon_saved_today":102.22,"social_impact_index":10,"governance_compliance":"Compliant"},{"timestamp":"2025-05-04T17:00:00.000","hourly_revenue":476.5500045433,"operational_cost":281.26,"carbon_saved_today":63.86,"social_impact_index":10,"governance_compliance":"Compliant"},{"timestamp":"2025-05-04T18:00:00.000","hourly_revenue":0.0,"operational_cost":248.07,"carbon_saved_today":0.0,"social_impact_index":10,"governance_compliance":"Compliant"},{"timestamp":"2025-05-04T19:00:00.000","hourly_revenue":0.0,"operational_cost":218.44,"carbon_saved_today":0.0,"social_impact_index":10,"governance_compliance":"Compliant"},{"timestamp":"2025-05-04T20:00:00.000","hourly_revenue":0.0,"operational_cost":238.13,"carbon_saved_today":0.0,"social_impact_index":10,"governance_compliance":"Compliant"},{"timestamp":"2025-05-04T21:00:00.000","hourly_revenue":0.0,"operational_cost":305.47,"carbon_saved_today":0.0,"social_impact_index":10,"governance_compliance":"Compliant"},{"timestamp":"2025-05-04T22:00:00.000","hourly_revenue":0.0,"operational_cost":366.43,"carbon_saved_today":0.0,"social_impact_index":10,"governance_compliance":"Compliant"},{"timestamp":"2025-05-04T23:00:00.000","hourly_revenue":0.0,"operational_cost":315.66,"carbon_saved_today":0.0,"social_impact_index":10,"governance_compliance":"Compliant"},{"timestamp":"2025-05-05T00:00:00.000","hourly_revenue":0.0,"operational_cost":269.67,"carbon_saved_today":0.0,"social_impact_index":5,"governance_compliance":"Compliant"},{"timestamp":"2025-05-05T01:00:00.000","hourly_revenue":0.0,"operational_cost":322.8,"carbon_saved_today":0.0,"social_impact_index":5,"governance_compliance":"Compliant"},{"timestamp":"2025-05-05T02:00:00.000","hourly_revenue":0.0,"operational_cost":277.05,"carbon_saved_today":0.0,"social_impact_index":5,"governance_compliance":"Compliant"},{"timestamp":"2025-05-05T03:00:00.000","hourly_revenue":0.0,"operational_cost":265.27,"carbon_saved_today":0.0,"social_impact_index":5,"governance_compliance":"Compliant"},{"timestamp":"2025-05-05T04:00:00.000","hourly_revenue":0.0,"operational_cost":242.28,"carbon_saved_today":0.0,"social_impact_index":5,"governance_compliance":"Compliant"},{"timestamp":"2025-05-05T05:00:00.000","hourly_revenue":0.0,"operational_cost":212.41,"carbon_saved_today":0.0,"social_impact_index":5,"governance_compliance":"Compliant"},{"timestamp":"2025-05-05T06:00:00.000","hourly_revenue":0.0,"operational_cost":280.5,"carbon_saved_today":0.0,"social_impact_index":5,"governance_compliance":"Compliant"},{"timestamp":"2025-05-05T07:00:00.000","hourly_revenue":620.6559768059,"operational_cost":307.9,"carbon_saved_today":83.17,"social_impact_index":5,"governance_compliance":"Compliant"},{"timestamp":"2025-05-05T08:00:00.000","hourly_revenue":871.7411482881,"operational_cost":295.17,"carbon_saved_today":116.81,"social_impact_index":5,"governance_compliance":"Compliant"},{"timestamp":"2025-05-05T09:00:00.000","hourly_revenue":1716.1725847995,"operational_cost":279.2,"carbon_saved_today":229.97,"social_impact_index":5,"governance_compliance":"Compliant"},{"timestamp":"2025-05-05T10:00:00.000","hourly_revenue":945.861837681,"operational_cost":252.71,"carbon_saved_today":126.75,"social_impact_index":5,"governance_compliance":"Compliant"},{"timestamp":"2025-05-05T11:00:00.000","hourly_revenue":1646.039241518,"operational_cost":330.41,"carbon_saved_today":220.57,"social_impact_index":5,"governance_compliance":"Compliant"},{"timestamp":"2025-05-05T12:00:00.000","hourly_revenue":1296.1358810677,"operational_cost":234.14,"carbon_saved_today":173.68,"social_impact_index":5,"governance_compliance":"Compliant"},{"timestamp":"2025-05-05T13:00:00.000","hourly_revenue":1082.7976158694,"operational_cost":338.8,"carbon_saved_today":145.09,"social_impact_index":5,"governance_compliance":"Compliant"},{"timestamp":"2025-05-05T14:00:00.000","hourly_revenue":1203.8707744794,"operational_cost":249.89,"carbon_saved_today":161.32,"social_impact_index":5,"governance_compliance":"Compliant"},{"timestamp":"2025-05-05T15:00:00.000","hourly_revenue":869.5600368454,"operational_cost":262.38,"carbon_saved_today":116.52,"social_impact_index":5,"governance_compliance":"Compliant"},{"timestamp":"2025-05-05T16:00:00.000","hourly_revenue":892.436450981,"operational_cost":226.66,"carbon_saved_today":119.59,"social_impact_index":5,"governance_compliance":"Compliant"},{"timestamp":"2025-05-05T17:00:00.000","hourly_revenue":467.7610629456,"operational_cost":274.93,"carbon_saved_today":62.68,"social_impact_index":5,"governance_compliance":"Compliant"},{"timestamp":"2025-05-05T18:00:00.000","hourly_revenue":0.0,"operational_cost":348.77,"carbon_saved_today":0.0,"social_impact_index":5,"governance_compliance":"Compliant"},{"timestamp":"2025-05-05T19:00:00.000","hourly_revenue":0.0,"operational_cost":325.78,"carbon_saved_today":0.0,"social_impact_index":5,"governance_compliance":"Compliant"},{"timestamp":"2025-05-05T20:00:00.000","hourly_revenue":0.0,"operational_cost":348.92,"carbon_saved_today":0.0,"social_impact_index":5,"governance_compliance":"Compliant"},{"timestamp":"2025-05-05T21:00:00.000","hourly_revenue":0.0,"operational_cost":326.11,"carbon_saved_today":0.0,"social_impact_index":5,"governance_compliance":"Compliant"},{"timestamp":"2025-05-05T22:00:00.000","hourly_revenue":0.0,"operational_cost":244.82,"carbon_saved_today":0.0,"social_impact_index":5,"governance_compliance":"Compliant"},{"timestamp":"2025-05-05T23:00:00.000","hourly_revenue":0.0,"operational_cost":283.46,"carbon_saved_today":0.0,"social_impact_index":5,"governance_compliance":"Compliant"},{"timestamp":"2025-05-06T00:00:00.000","hourly_revenue":0.0,"operational_cost":260.99,"carbon_saved_today":0.0,"social_impact_index":8,"governance_compliance":"Compliant"},{"timestamp":"2025-05-06T01:00:00.000","hourly_revenue":0.0,"operational_cost":366.53,"carbon_saved_today":0.0,"social_impact_index":8,"governance_compliance":"Compliant"},{"timestamp":"2025-05-06T02:00:00.000","hourly_revenue":0.0,"operational_cost":240.16,"carbon_saved_today":0.0,"social_impact_index":8,"governance_compliance":"Compliant"},{"timestamp":"2025-05-06T03:00:00.000","hourly_revenue":0.0,"operational_cost":344.68,"carbon_saved_today":0.0,"social_impact_index":8,"governance_compliance":"Non-Compliant"},{"timestamp":"2025-05-06T04:00:00.000","hourly_revenue":0.0,"operational_cost":344.65,"carbon_saved_today":0.0,"social_impact_index":8,"governance_compliance":"Compliant"},{"timestamp":"2025-05-06T05:00:00.000","hourly_revenue":0.0,"operational_cost":391.48,"carbon_saved_today":0.0,"social_impact_index":8,"governance_compliance":"Compliant"},{"timestamp":"2025-05-06T06:00:00.000","hourly_revenue":0.0,"operational_cost":279.52,"carbon_saved_today":0.0,"social_impact_index":8,"governance_compliance":"Compliant"},{"timestamp":"2025-05-06T07:00:00.000","hourly_revenue":415.8903508327,"operational_cost":335.62,"carbon_saved_today":55.73,"social_impact_index":8,"governance_compliance":"Compliant"},{"timestamp":"2025-05-06T08:00:00.000","hourly_revenue":1033.6561098145,"operational_cost":414.08,"carbon_saved_today":138.51,"social_impact_index":8,"governance_compliance":"Compliant"},{"timestamp":"2025-05-06T09:00:00.000","hourly_revenue":1242.0774559352,"operational_cost":269.12,"carbon_saved_today":166.44,"social_impact_index":8,"governance_compliance":"Compliant"},{"timestamp":"2025-05-06T10:00:00.000","hourly_revenue":2132.9572416192,"operational_cost":223.25,"carbon_saved_today":285.82,"social_impact_index":8,"governance_compliance":"Compliant"},{"timestamp":"2025-05-06T11:00:00.000","hourly_revenue":1915.95796779,"operational_cost":206.0,"carbon_saved_today":256.74,"social_impact_index":8,"governance_compliance":"Compliant"},{"timestamp":"2025-05-06T12:00:00.000","hourly_revenue":2305.9925497752,"operational_cost":335.64,"carbon_saved_today":309.0,"social_impact_index":8,"governance_compliance":"Compliant"},{"timestamp":"2025-05-06T13:00:00.000","hourly_revenue":1980.3667668121,"operational_cost":205.84,"carbon_saved_today":265.37,"social_impact_index":8,"governance_compliance":"Compliant"},{"timestamp":"2025-05-06T14:00:00.000","hourly_revenue":1336.6344619716,"operational_cost":281.38,"carbon_saved_today":179.11,"social_impact_index":8,"governance_compliance":"Compliant"},{"timestamp":"2025-05-06T15:00:00.000","hourly_revenue":1508.3658029799,"operational_cost":321.87,"carbon_saved_today":202.12,"social_impact_index":8,"governance_compliance":"Compliant"},{"timestamp":"2025-05-06T16:00:00.000","hourly_revenue":1225.7016711033,"operational_cost":309.26,"carbon_saved_today":164.24,"social_impact_index":8,"governance_compliance":"Compliant"},{"timestamp":"2025-05-06T17:00:00.000","hourly_revenue":543.9371644664,"operational_cost":321.27,"carbon_saved_today":72.89,"social_impact_index":8,"governance_compliance":"Compliant"},{"timestamp":"2025-05-06T18:00:00.000","hourly_revenue":0.0,"operational_cost":311.11,"carbon_saved_today":0.0,"social_impact_index":8,"governance_compliance":"Compliant"},{"timestamp":"2025-05-06T19:00:00.000","hourly_revenue":0.0,"operational_cost":363.94,"carbon_saved_today":0.0,"social_impact_index":8,"governance_compliance":"Compliant"},{"timestamp":"2025-05-06T20:00:00.000","hourly_revenue":0.0,"operational_cost":252.38,"carbon_saved_today":0.0,"social_impact_index":8,"governance_compliance":"Compliant"},{"timestamp":"2025-05-06T21:00:00.000","hourly_revenue":0.0,"operational_cost":266.15,"carbon_saved_today":0.0,"social_impact_index":8,"governance_compliance":"Compliant"},{"timestamp":"2025-05-06T22:00:00.000","hourly_revenue":0.0,"operational_cost":261.37,"carbon_saved_today":0.0,"social_impact_index":8,"governance_compliance":"Compliant"},{"timestamp":"2025-05-06T23:00:00.000","hourly_revenue":0.0,"operational_cost":341.51,"carbon_saved_today":0.0,"social_impact_index":8,"governance_compliance":"Compliant"},{"timestamp":"2025-05-07T00:00:00.000","hourly_revenue":0.0,"operational_cost":345.02,"carbon_saved_today":0.0,"social_impact_index":8,"governance_compliance":"Compliant"},{"timestamp":"2025-05-07T01:00:00.000","hourly_revenue":0.0,"operational_cost":322.56,"carbon_saved_today":0.0,"social_impact_index":8,"governance_compliance":"Compliant"},{"timestamp":"2025-05-07T02:00:00.000","hourly_revenue":0.0,"operational_cost":359.17,"carbon_saved_today":0.0,"social_impact_index":8,"governance_compliance":"Compliant"},{"timestamp":"2025-05-07T03:00:00.000","hourly_revenue":0.0,"operational_cost":241.1,"carbon_saved_today":0.0,"social_impact_index":8,"governance_compliance":"Compliant"},{"timestamp":"2025-05-07T04:00:00.000","hourly_revenue":0.0,"operational_cost":383.36,"carbon_saved_today":0.0,"social_impact_index":8,"governance_compliance":"Compliant"},{"timestamp":"2025-05-07T05:00:00.000","hourly_revenue":0.0,"operational_cost":376.16,"carbon_saved_today":0.0,"social_impact_index":8,"governance_compliance":"Compliant"},{"timestamp":"2025-05-07T06:00:00.000","hourly_revenue":0.0,"operational_cost":336.78,"carbon_saved_today":0.0,"social_impact_index":8,"governance_compliance":"Compliant"},{"timestamp":"2025-05-07T07:00:00.000","hourly_revenue":497.9000978366,"operational_cost":389.09,"carbon_saved_today":66.72,"social_impact_index":8,"governance_compliance":"Compliant"},{"timestamp":"2025-05-07T08:00:00.000","hourly_revenue":1083.7749496457,"operational_cost":217.17,"carbon_saved_today":145.23,"social_impact_index":8,"governance_compliance":"Compliant"},{"timestamp":"2025-05-07T09:00:00.000","hourly_revenue":1128.2138400351,"operational_cost":273.78,"carbon_saved_today":151.18,"social_impact_index":8,"governance_compliance":"Compliant"},{"timestamp":"2025-05-07T10:00:00.000","hourly_revenue":1839.3161292344,"operational_cost":263.23,"carbon_saved_today":246.47,"social_impact_index":8,"governance_compliance":"Compliant"},{"timestamp":"2025-05-07T11:00:00.000","hourly_revenue":1885.2628078086,"operational_cost":336.07,"carbon_saved_today":252.63,"social_impact_index":8,"governance_compliance":"Compliant"},{"timestamp":"2025-05-07T12:00:00.000","hourly_revenue":2086.6084631755,"operational_cost":247.49,"carbon_saved_today":279.61,"social_impact_index":8,"governance_compliance":"Compliant"},{"timestamp":"2025-05-07T13:00:00.000","hourly_revenue":1611.1780018779,"operational_cost":337.87,"carbon_saved_today":215.9,"social_impact_index":8,"governance_compliance":"Compliant"},{"timestamp":"2025-05-07T14:00:00.000","hourly_revenue":1937.1894881801,"operational_cost":368.53,"carbon_saved_today":259.58,"social_impact_index":8,"governance_compliance":"Compliant"},{"timestamp":"2025-05-07T15:00:00.000","hourly_revenue":1670.7498360986,"operational_cost":334.76,"carbon_saved_today":223.88,"social_impact_index":8,"governance_compliance":"Non-Compliant"},{"timestamp":"2025-05-07T16:00:00.000","hourly_revenue":858.3699000454,"operational_cost":314.19,"carbon_saved_today":115.02,"social_impact_index":8,"governance_compliance":"Compliant"},{"timestamp":"2025-05-07T17:00:00.000","hourly_revenue":413.0013175159,"operational_cost":250.61,"carbon_saved_today":55.34,"social_impact_index":8,"governance_compliance":"Compliant"},{"timestamp":"2025-05-07T18:00:00.000","hourly_revenue":0.0,"operational_cost":257.66,"carbon_saved_today":0.0,"social_impact_index":8,"governance_compliance":"Non-Compliant"},{"timestamp":"2025-05-07T19:00:00.000","hourly_revenue":0.0,"operational_cost":362.48,"carbon_saved_today":0.0,"social_impact_index":8,"governance_compliance":"Compliant"},{"timestamp":"2025-05-07T20:00:00.000","hourly_revenue":0.0,"operational_cost":338.97,"carbon_saved_today":0.0,"social_impact_index":8,"governance_compliance":"Compliant"},{"timestamp":"2025-05-07T21:00:00.000","hourly_revenue":0.0,"operational_cost":298.05,"carbon_saved_today":0.0,"social_impact_index":8,"governance_compliance":"Compliant"},{"timestamp":"2025-05-07T22:00:00.000","hourly_revenue":0.0,"operational_cost":279.1,"carbon_saved_today":0.0,"social_impact_index":8,"governance_compliance":"Compliant"},{"timestamp":"2025-05-07T23:00:00.000","hourly_revenue":0.0,"operational_cost":198.71,"carbon_saved_today":0.0,"social_impact_index":8,"governance_compliance":"Compliant"},{"timestamp":"2025-05-08T00:00:00.000","hourly_revenue":0.0,"operational_cost":246.46,"carbon_saved_today":0.0,"social_impact_index":8,"governance_compliance":"Compliant"},{"timestamp":"2025-05-08T01:00:00.000","hourly_revenue":0.0,"operational_cost":395.57,"carbon_saved_today":0.0,"social_impact_index":8,"governance_compliance":"Compliant"},{"timestamp":"2025-05-08T02:00:00.000","hourly_revenue":0.0,"operational_cost":235.98,"carbon_saved_today":0.0,"social_impact_index":8,"governance_compliance":"Compliant"},{"timestamp":"2025-05-08T03:00:00.000","hourly_revenue":0.0,"operational_cost":309.47,"carbon_saved_today":0.0,"social_impact_index":8,"governance_compliance":"Compliant"},{"timestamp":"2025-05-08T04:00:00.000","hourly_revenue":0.0,"operational_cost":350.37,"carbon_saved_today":0.0,"social_impact_index":8,"governance_compliance":"Compliant"},{"timestamp":"2025-05-08T05:00:00.000","hourly_revenue":0.0,"operational_cost":237.25,"carbon_saved_today":0.0,"social_impact_index":8,"governance_compliance":"Compliant"},{"timestamp":"2025-05-08T06:00:00.000","hourly_revenue":0.0,"operational_cost":309.24,"carbon_saved_today":0.0,"social_impact_index":8,"governance_compliance":"Compliant"},{"timestamp":"2025-05-08T07:00:00.000","hourly_revenue":573.9565361291,"operational_cost":346.9,"carbon_saved_today":76.91,"social_impact_index":8,"governance_compliance":"Compliant"},{"timestamp":"2025-05-08T08:00:00.000","hourly_revenue":1096.2180756622,"operational_cost":300.62,"carbon_saved_today":146.89,"social_impact_index":8,"governance_compliance":"Compliant"},{"timestamp":"2025-05-08T09:00:00.000","hourly_revenue":1761.5840068184,"operational_cost":443.42,"carbon_saved_today":236.05,"social_impact_index":8,"governance_compliance":"Compliant"},{"timestamp":"2025-05-08T10:00:00.000","hourly_revenue":1410.2308220448,"operational_cost":216.57,"carbon_saved_today":188.97,"social_impact_index":8,"governance_compliance":"Compliant"},{"timestamp":"2025-05-08T11:00:00.000","hourly_revenue":1549.4509385397,"operational_cost":352.94,"carbon_saved_today":207.63,"social_impact_index":8,"governance_compliance":"Compliant"},{"timestamp":"2025-05-08T12:00:00.000","hourly_revenue":2224.3388171287,"operational_cost":291.36,"carbon_saved_today":298.06,"social_impact_index":8,"governance_compliance":"Compliant"},{"timestamp":"2025-05-08T13:00:00.000","hourly_revenue":2007.5676001578,"operational_cost":338.6,"carbon_saved_today":269.01,"social_impact_index":8,"governance_compliance":"Compliant"},{"timestamp":"2025-05-08T14:00:00.000","hourly_revenue":1536.4682076359,"operational_cost":322.07,"carbon_saved_today":205.89,"social_impact_index":8,"governance_compliance":"Compliant"},{"timestamp":"2025-05-08T15:00:00.000","hourly_revenue":1116.8181461495,"operational_cost":263.34,"carbon_saved_today":149.65,"social_impact_index":8,"governance_compliance":"Compliant"},{"timestamp":"2025-05-08T16:00:00.000","hourly_revenue":792.8291247982,"operational_cost":311.45,"carbon_saved_today":106.24,"social_impact_index":8,"governance_compliance":"Non-Compliant"},{"timestamp":"2025-05-08T17:00:00.000","hourly_revenue":619.6621959737,"operational_cost":207.1,"carbon_saved_today":83.03,"social_impact_index":8,"governance_compliance":"Compliant"},{"timestamp":"2025-05-08T18:00:00.000","hourly_revenue":0.0,"operational_cost":330.16,"carbon_saved_today":0.0,"social_impact_index":8,"governance_compliance":"Compliant"},{"timestamp":"2025-05-08T19:00:00.000","hourly_revenue":0.0,"operational_cost":314.91,"carbon_saved_today":0.0,"social_impact_index":8,"governance_compliance":"Compliant"},{"timestamp":"2025-05-08T20:00:00.000","hourly_revenue":0.0,"operational_cost":331.93,"carbon_saved_today":0.0,"social_impact_index":8,"governance_compliance":"Non-Compliant"},{"timestamp":"2025-05-08T21:00:00.000","hourly_revenue":0.0,"operational_cost":352.91,"carbon_saved_today":0.0,"social_impact_index":8,"governance_compliance":"Compliant"},{"timestamp":"2025-05-08T22:00:00.000","hourly_revenue":0.0,"operational_cost":318.38,"carbon_saved_today":0.0,"social_impact_index":8,"governance_compliance":"Compliant"},{"timestamp":"2025-05-08T23:00:00.000","hourly_revenue":0.0,"operational_cost":307.4,"carbon_saved_today":0.0,"social_impact_index":8,"governance_compliance":"Compliant"},{"timestamp":"2025-05-09T00:00:00.000","hourly_revenue":0.0,"operational_cost":255.95,"carbon_saved_today":0.0,"social_impact_index":5,"governance_compliance":"Compliant"},{"timestamp":"2025-05-09T01:00:00.000","hourly_revenue":0.0,"operational_cost":264.39,"carbon_saved_today":0.0,"social_impact_index":5,"governance_compliance":"Compliant"},{"timestamp":"2025-05-09T02:00:00.000","hourly_revenue":0.0,"operational_cost":359.34,"carbon_saved_today":0.0,"social_impact_index":5,"governance_compliance":"Compliant"},{"timestamp":"2025-05-09T03:00:00.000","hourly_revenue":0.0,"operational_cost":371.82,"carbon_saved_today":0.0,"social_impact_index":5,"governance_compliance":"Compliant"},{"timestamp":"2025-05-09T04:00:00.000","hourly_revenue":0.0,"operational_cost":288.09,"carbon_saved_today":0.0,"social_impact_index":5,"governance_compliance":"Compliant"},{"timestamp":"2025-05-09T05:00:00.000","hourly_revenue":0.0,"operational_cost":302.3,"carbon_saved_today":0.0,"social_impact_index":5,"governance_compliance":"Compliant"},{"timestamp":"2025-05-09T06:00:00.000","hourly_revenue":0.0,"operational_cost":254.77,"carbon_saved_today":0.0,"social_impact_index":5,"governance_compliance":"Compliant"},{"timestamp":"2025-05-09T07:00:00.000","hourly_revenue":472.1723199296,"operational_cost":358.64,"carbon_saved_today":63.27,"social_impact_index":5,"governance_compliance":"Compliant"},{"timestamp":"2025-05-09T08:00:00.000","hourly_revenue":916.5009565291,"operational_cost":333.27,"carbon_saved_today":122.81,"social_impact_index":5,"governance_compliance":"Compliant"},{"timestamp":"2025-05-09T09:00:00.000","hourly_revenue":1534.0589377164,"operational_cost":397.06,"carbon_saved_today":205.56,"social_impact_index":5,"governance_compliance":"Compliant"},{"timestamp":"2025-05-09T10:00:00.000","hourly_revenue":1511.9916331774,"operational_cost":256.08,"carbon_saved_today":202.61,"social_impact_index":5,"governance_compliance":"Compliant"},{"timestamp":"2025-05-09T11:00:00.000","hourly_revenue":1461.7234140315,"operational_cost":281.1,"carbon_saved_today":195.87,"social_impact_index":5,"governance_compliance":"Compliant"},{"timestamp":"2025-05-09T12:00:00.000","hourly_revenue":1440.448392159,"operational_cost":311.57,"carbon_saved_today":193.02,"social_impact_index":5,"governance_compliance":"Compliant"},{"timestamp":"2025-05-09T13:00:00.000","hourly_revenue":1508.2500560855,"operational_cost":332.32,"carbon_saved_today":202.11,"social_impact_index":5,"governance_compliance":"Compliant"},{"timestamp":"2025-05-09T14:00:00.000","hourly_revenue":1191.3425887282,"operational_cost":289.22,"carbon_saved_today":159.64,"social_impact_index":5,"governance_compliance":"Compliant"},{"timestamp":"2025-05-09T15:00:00.000","hourly_revenue":772.2310610485,"operational_cost":256.35,"carbon_saved_today":103.48,"social_impact_index":5,"governance_compliance":"Compliant"},{"timestamp":"2025-05-09T16:00:00.000","hourly_revenue":1031.148407939,"operational_cost":344.07,"carbon_saved_today":138.17,"social_impact_index":5,"governance_compliance":"Compliant"},{"timestamp":"2025-05-09T17:00:00.000","hourly_revenue":636.0802293555,"operational_cost":336.06,"carbon_saved_today":85.23,"social_impact_index":5,"governance_compliance":"Compliant"},{"timestamp":"2025-05-09T18:00:00.000","hourly_revenue":0.0,"operational_cost":254.19,"carbon_saved_today":0.0,"social_impact_index":5,"governance_compliance":"Compliant"},{"timestamp":"2025-05-09T19:00:00.000","hourly_revenue":0.0,"operational_cost":367.77,"carbon_saved_today":0.0,"social_impact_index":5,"governance_compliance":"Compliant"},{"timestamp":"2025-05-09T20:00:00.000","hourly_revenue":0.0,"operational_cost":358.51,"carbon_saved_today":0.0,"social_impact_index":5,"governance_compliance":"Compliant"},{"timestamp":"2025-05-09T21:00:00.000","hourly_revenue":0.0,"operational_cost":306.71,"carbon_saved_today":0.0,"social_impact_index":5,"governance_compliance":"Compliant"},{"timestamp":"2025-05-09T22:00:00.000","hourly_revenue":0.0,"operational_cost":303.98,"carbon_saved_today":0.0,"social_impact_index":5,"governance_compliance":"Compliant"},{"timestamp":"2025-05-09T23:00:00.000","hourly_revenue":0.0,"operational_cost":327.7,"carbon_saved_today":0.0,"social_impact_index":5,"governance_compliance":"Compliant"},{"timestamp":"2025-05-10T00:00:00.000","hourly_revenue":0.0,"operational_cost":256.91,"carbon_saved_today":0.0,"social_impact_index":7,"governance_compliance":"Partial"},{"timestamp":"2025-05-10T01:00:00.000","hourly_revenue":0.0,"operational_cost":301.5,"carbon_saved_today":0.0,"social_impact_index":7,"governance_compliance":"Partial"},{"timestamp":"2025-05-10T02:00:00.000","hourly_revenue":0.0,"operational_cost":192.38,"carbon_saved_today":0.0,"social_impact_index":7,"governance_compliance":"Partial"},{"timestamp":"2025-05-10T03:00:00.000","hourly_revenue":0.0,"operational_cost":343.82,"carbon_saved_today":0.0,"social_impact_index":7,"governance_compliance":"Partial"},{"timestamp":"2025-05-10T04:00:00.000","hourly_revenue":0.0,"operational_cost":221.93,"carbon_saved_today":0.0,"social_impact_index":7,"governance_compliance":"Partial"},{"timestamp":"2025-05-10T05:00:00.000","hourly_revenue":0.0,"operational_cost":375.17,"carbon_saved_today":0.0,"social_impact_index":7,"governance_compliance":"Partial"},{"timestamp":"2025-05-10T06:00:00.000","hourly_revenue":0.0,"operational_cost":283.49,"carbon_saved_today":0.0,"social_impact_index":7,"governance_compliance":"Partial"},{"timestamp":"2025-05-10T07:00:00.000","hourly_revenue":0.0,"operational_cost":289.42,"carbon_saved_today":0.0,"social_impact_index":7,"governance_compliance":"Partial"},{"timestamp":"2025-05-10T08:00:00.000","hourly_revenue":0.0,"operational_cost":268.61,"carbon_saved_today":0.0,"social_impact_index":7,"governance_compliance":"Partial"},{"timestamp":"2025-05-10T09:00:00.000","hourly_revenue":0.0,"operational_cost":285.6,"carbon_saved_today":0.0,"social_impact_index":7,"governance_compliance":"Partial"},{"timestamp":"2025-05-10T10:00:00.000","hourly_revenue":0.0,"operational_cost":370.93,"carbon_saved_today":0.0,"social_impact_index":7,"governance_compliance":"Partial"},{"timestamp":"2025-05-10T11:00:00.000","hourly_revenue":0.0,"operational_cost":175.61,"carbon_saved_today":0.0,"social_impact_index":7,"governance_compliance":"Partial"},{"timestamp":"2025-05-10T12:00:00.000","hourly_revenue":0.0,"operational_cost":363.85,"carbon_saved_today":0.0,"social_impact_index":7,"governance_compliance":"Partial"},{"timestamp":"2025-05-10T13:00:00.000","hourly_revenue":0.0,"operational_cost":316.9,"carbon_saved_today":0.0,"social_impact_index":7,"governance_compliance":"Partial"},{"timestamp":"2025-05-10T14:00:00.000","hourly_revenue":0.0,"operational_cost":239.65,"carbon_saved_today":0.0,"social_impact_index":7,"governance_compliance":"Partial"},{"timestamp":"2025-05-10T15:00:00.000","hourly_revenue":0.0,"operational_cost":246.23,"carbon_saved_today":0.0,"social_impact_index":7,"governance_compliance":"Partial"},{"timestamp":"2025-05-10T16:00:00.000","hourly_revenue":0.0,"operational_cost":383.82,"carbon_saved_today":0.0,"social_impact_index":7,"governance_compliance":"Partial"},{"timestamp":"2025-05-10T17:00:00.000","hourly_revenue":0.0,"operational_cost":252.72,"carbon_saved_today":0.0,"social_impact_index":7,"governance_compliance":"Partial"},{"timestamp":"2025-05-10T18:00:00.000","hourly_revenue":0.0,"operational_cost":242.33,"carbon_saved_today":0.0,"social_impact_index":7,"governance_compliance":"Partial"},{"timestamp":"2025-05-10T19:00:00.000","hourly_revenue":0.0,"operational_cost":356.87,"carbon_saved_today":0.0,"social_impact_index":7,"governance_compliance":"Partial"},{"timestamp":"2025-05-10T20:00:00.000","hourly_revenue":0.0,"operational_cost":316.93,"carbon_saved_today":0.0,"social_impact_index":7,"governance_compliance":"Partial"},{"timestamp":"2025-05-10T21:00:00.000","hourly_revenue":0.0,"operational_cost":253.1,"carbon_saved_today":0.0,"social_impact_index":7,"governance_compliance":"Partial"},{"timestamp":"2025-05-10T22:00:00.000","hourly_revenue":0.0,"operational_cost":310.83,"carbon_saved_today":0.0,"social_impact_index":7,"governance_compliance":"Partial"},{"timestamp":"2025-05-10T23:00:00.000","hourly_revenue":0.0,"operational_cost":248.71,"carbon_saved_today":0.0,"social_impact_index":7,"governance_compliance":"Partial"},{"timestamp":"2025-05-11T00:00:00.000","hourly_revenue":0.0,"operational_cost":355.04,"carbon_saved_today":0.0,"social_impact_index":10,"governance_compliance":"Compliant"},{"timestamp":"2025-05-11T01:00:00.000","hourly_revenue":0.0,"operational_cost":353.07,"carbon_saved_today":0.0,"social_impact_index":10,"governance_compliance":"Compliant"},{"timestamp":"2025-05-11T02:00:00.000","hourly_revenue":0.0,"operational_cost":326.6,"carbon_saved_today":0.0,"social_impact_index":10,"governance_compliance":"Compliant"},{"timestamp":"2025-05-11T03:00:00.000","hourly_revenue":0.0,"operational_cost":318.08,"carbon_saved_today":0.0,"social_impact_index":10,"governance_compliance":"Compliant"},{"timestamp":"2025-05-11T04:00:00.000","hourly_revenue":0.0,"operational_cost":388.06,"carbon_saved_today":0.0,"social_impact_index":10,"governance_compliance":"Compliant"},{"timestamp":"2025-05-11T05:00:00.000","hourly_revenue":0.0,"operational_cost":299.98,"carbon_saved_today":0.0,"social_impact_index":10,"governance_compliance":"Compliant"},{"timestamp":"2025-05-11T06:00:00.000","hourly_revenue":0.0,"operational_cost":240.91,"carbon_saved_today":0.0,"social_impact_index":10,"governance_compliance":"Non-Compliant"},{"timestamp":"2025-05-11T07:00:00.000","hourly_revenue":427.6767346823,"operational_cost":322.47,"carbon_saved_today":57.31,"social_impact_index":10,"governance_compliance":"Compliant"},{"timestamp":"2025-05-11T08:00:00.000","hourly_revenue":1246.2417510792,"operational_cost":404.3,"carbon_saved_today":167.0,"social_impact_index":10,"governance_compliance":"Compliant"},{"timestamp":"2025-05-11T09:00:00.000","hourly_revenue":1716.1488423656,"operational_cost":249.26,"carbon_saved_today":229.96,"social_impact_index":10,"governance_compliance":"Compliant"},{"timestamp":"2025-05-11T10:00:00.000","hourly_revenue":1766.6546974542,"operational_cost":281.93,"carbon_saved_today":236.73,"social_impact_index":10,"governance_compliance":"Compliant"},{"timestamp":"2025-05-11T11:00:00.000","hourly_revenue":2262.2304450671,"operational_cost":320.82,"carbon_saved_today":303.14,"social_impact_index":10,"governance_compliance":"Compliant"},{"timestamp":"2025-05-11T12:00:00.000","hourly_revenue":2020.957977272,"operational_cost":297.3,"carbon_saved_today":270.81,"social_impact_index":10,"governance_compliance":"Compliant"},{"timestamp":"2025-05-11T13:00:00.000","hourly_revenue":2051.2262603797,"operational_cost":250.88,"carbon_saved_today":274.86,"social_impact_index":10,"governance_compliance":"Compliant"},{"timestamp":"2025-05-11T14:00:00.000","hourly_revenue":1376.222127987,"operational_cost":356.09,"carbon_saved_today":184.41,"social_impact_index":10,"governance_compliance":"Compliant"},{"timestamp":"2025-05-11T15:00:00.000","hourly_revenue":1594.7170077427,"operational_cost":416.0,"carbon_saved_today":213.69,"social_impact_index":10,"governance_compliance":"Compliant"},{"timestamp":"2025-05-11T16:00:00.000","hourly_revenue":813.8567418176,"operational_cost":309.81,"carbon_saved_today":109.06,"social_impact_index":10,"governance_compliance":"Compliant"},{"timestamp":"2025-05-11T17:00:00.000","hourly_revenue":602.0306029058,"operational_cost":254.8,"carbon_saved_today":80.67,"social_impact_index":10,"governance_compliance":"Compliant"},{"timestamp":"2025-05-11T18:00:00.000","hourly_revenue":0.0,"operational_cost":222.55,"carbon_saved_today":0.0,"social_impact_index":10,"governance_compliance":"Compliant"},{"timestamp":"2025-05-11T19:00:00.000","hourly_revenue":0.0,"operational_cost":312.9,"carbon_saved_today":0.0,"social_impact_index":10,"governance_compliance":"Compliant"},{"timestamp":"2025-05-11T20:00:00.000","hourly_revenue":0.0,"operational_cost":355.19,"carbon_saved_today":0.0,"social_impact_index":10,"governance_compliance":"Compliant"},{"timestamp":"2025-05-11T21:00:00.000","hourly_revenue":0.0,"operational_cost":323.76,"carbon_saved_today":0.0,"social_impact_index":10,"governance_compliance":"Compliant"},{"timestamp":"2025-05-11T22:00:00.000","hourly_revenue":0.0,"operational_cost":299.88,"carbon_saved_today":0.0,"social_impact_index":10,"governance_compliance":"Compliant"},{"timestamp":"2025-05-11T23:00:00.000","hourly_revenue":0.0,"operational_cost":270.54,"carbon_saved_today":0.0,"social_impact_index":10,"governance_compliance":"Compliant"},{"timestamp":"2025-05-12T00:00:00.000","hourly_revenue":0.0,"operational_cost":245.39,"carbon_saved_today":0.0,"social_impact_index":8,"governance_compliance":"Compliant"},{"timestamp":"2025-05-12T01:00:00.000","hourly_revenue":0.0,"operational_cost":341.74,"carbon_saved_today":0.0,"social_impact_index":8,"governance_compliance":"Compliant"},{"timestamp":"2025-05-12T02:00:00.000","hourly_revenue":0.0,"operational_cost":345.69,"carbon_saved_today":0.0,"social_impact_index":8,"governance_compliance":"Compliant"},{"timestamp":"2025-05-12T03:00:00.000","hourly_revenue":0.0,"operational_cost":222.71,"carbon_saved_today":0.0,"social_impact_index":8,"governance_compliance":"Non-Compliant"},{"timestamp":"2025-05-12T04:00:00.000","hourly_revenue":0.0,"operational_cost":379.49,"carbon_saved_today":0.0,"social_impact_index":8,"governance_compliance":"Compliant"},{"timestamp":"2025-05-12T05:00:00.000","hourly_revenue":0.0,"operational_cost":328.7,"carbon_saved_today":0.0,"social_impact_index":8,"governance_compliance":"Compliant"},{"timestamp":"2025-05-12T06:00:00.000","hourly_revenue":0.0,"operational_cost":369.98,"carbon_saved_today":0.0,"social_impact_index":8,"governance_compliance":"Compliant"},{"timestamp":"2025-05-12T07:00:00.000","hourly_revenue":521.6962247092,"operational_cost":232.89,"carbon_saved_today":69.91,"social_impact_index":8,"governance_compliance":"Compliant"},{"timestamp":"2025-05-12T08:00:00.000","hourly_revenue":1209.6959866072,"operational_cost":231.71,"carbon_saved_today":162.1,"social_impact_index":8,"governance_compliance":"Compliant"},{"timestamp":"2025-05-12T09:00:00.000","hourly_revenue":1412.0664205446,"operational_cost":292.55,"carbon_saved_today":189.22,"social_impact_index":8,"governance_compliance":"Compliant"},{"timestamp":"2025-05-12T10:00:00.000","hourly_revenue":2158.272151082,"operational_cost":325.14,"carbon_saved_today":289.21,"social_impact_index":8,"governance_compliance":"Compliant"},{"timestamp":"2025-05-12T11:00:00.000","hourly_revenue":2271.3020952667,"operational_cost":389.82,"carbon_saved_today":304.35,"social_impact_index":8,"governance_compliance":"Non-Compliant"},{"timestamp":"2025-05-12T12:00:00.000","hourly_revenue":1708.5105143573,"operational_cost":335.3,"carbon_saved_today":228.94,"social_impact_index":8,"governance_compliance":"Compliant"},{"timestamp":"2025-05-12T13:00:00.000","hourly_revenue":2347.7746910792,"operational_cost":287.87,"carbon_saved_today":314.6,"social_impact_index":8,"governance_compliance":"Compliant"},{"timestamp":"2025-05-12T14:00:00.000","hourly_revenue":1399.8143623924,"operational_cost":248.68,"carbon_saved_today":187.58,"social_impact_index":8,"governance_compliance":"Compliant"},{"timestamp":"2025-05-12T15:00:00.000","hourly_revenue":1638.6844039329,"operational_cost":361.5,"carbon_saved_today":219.58,"social_impact_index":8,"governance_compliance":"Compliant"},{"timestamp":"2025-05-12T16:00:00.000","hourly_revenue":940.3116467383,"operational_cost":251.76,"carbon_saved_today":126.0,"social_impact_index":8,"governance_compliance":"Compliant"},{"timestamp":"2025-05-12T17:00:00.000","hourly_revenue":615.4650428959,"operational_cost":381.42,"carbon_saved_today":82.47,"social_impact_index":8,"governance_compliance":"Compliant"},{"timestamp":"2025-05-12T18:00:00.000","hourly_revenue":0.0,"operational_cost":285.78,"carbon_saved_today":0.0,"social_impact_index":8,"governance_compliance":"Compliant"},{"timestamp":"2025-05-12T19:00:00.000","hourly_revenue":0.0,"operational_cost":379.53,"carbon_saved_today":0.0,"social_impact_index":8,"governance_compliance":"Compliant"},{"timestamp":"2025-05-12T20:00:00.000","hourly_revenue":0.0,"operational_cost":333.95,"carbon_saved_today":0.0,"social_impact_index":8,"governance_compliance":"Compliant"},{"timestamp":"2025-05-12T21:00:00.000","hourly_revenue":0.0,"operational_cost":293.15,"carbon_saved_today":0.0,"social_impact_index":8,"governance_compliance":"Compliant"},{"timestamp":"2025-05-12T22:00:00.000","hourly_revenue":0.0,"operational_cost":274.03,"carbon_saved_today":0.0,"social_impact_index":8,"governance_compliance":"Compliant"},{"timestamp":"2025-05-12T23:00:00.000","hourly_revenue":0.0,"operational_cost":282.95,"carbon_saved_today":0.0,"social_impact_index":8,"governance_compliance":"Compliant"},{"timestamp":"2025-05-13T00:00:00.000","hourly_revenue":0.0,"operational_cost":321.42,"carbon_saved_today":0.0,"social_impact_index":5,"governance_compliance":"Compliant"},{"timestamp":"2025-05-13T01:00:00.000","hourly_revenue":0.0,"operational_cost":303.86,"carbon_saved_today":0.0,"social_impact_index":5,"governance_compliance":"Compliant"},{"timestamp":"2025-05-13T02:00:00.000","hourly_revenue":0.0,"operational_cost":270.31,"carbon_saved_today":0.0,"social_impact_index":5,"governance_compliance":"Compliant"},{"timestamp":"2025-05-13T03:00:00.000","hourly_revenue":0.0,"operational_cost":291.72,"carbon_saved_today":0.0,"social_impact_index":5,"governance_compliance":"Compliant"},{"timestamp":"2025-05-13T04:00:00.000","hourly_revenue":0.0,"operational_cost":303.93,"carbon_saved_today":0.0,"social_impact_index":5,"governance_compliance":"Compliant"},{"timestamp":"2025-05-13T05:00:00.000","hourly_revenue":0.0,"operational_cost":193.56,"carbon_saved_today":0.0,"social_impact_index":5,"governance_compliance":"Compliant"},{"timestamp":"2025-05-13T06:00:00.000","hourly_revenue":0.0,"operational_cost":322.91,"carbon_saved_today":0.0,"social_impact_index":5,"governance_compliance":"Compliant"},{"timestamp":"2025-05-13T07:00:00.000","hourly_revenue":611.3343328201,"operational_cost":251.01,"carbon_saved_today":81.92,"social_impact_index":5,"governance_compliance":"Compliant"},{"timestamp":"2025-05-13T08:00:00.000","hourly_revenue":1211.3785952567,"operational_cost":242.33,"carbon_saved_today":162.32,"social_impact_index":5,"governance_compliance":"Compliant"},{"timestamp":"2025-05-13T09:00:00.000","hourly_revenue":1405.0649574344,"operational_cost":215.63,"carbon_saved_today":188.28,"social_impact_index":5,"governance_compliance":"Compliant"},{"timestamp":"2025-05-13T10:00:00.000","hourly_revenue":1276.8479856216,"operational_cost":210.31,"carbon_saved_today":171.1,"social_impact_index":5,"governance_compliance":"Non-Compliant"},{"timestamp":"2025-05-13T11:00:00.000","hourly_revenue":1531.3467948274,"operational_cost":232.23,"carbon_saved_today":205.2,"social_impact_index":5,"governance_compliance":"Compliant"},{"timestamp":"2025-05-13T12:00:00.000","hourly_revenue":1172.3870390823,"operational_cost":264.55,"carbon_saved_today":157.1,"social_impact_index":5,"governance_compliance":"Compliant"},{"timestamp":"2025-05-13T13:00:00.000","hourly_revenue":1354.0312044745,"operational_cost":397.66,"carbon_saved_today":181.44,"social_impact_index":5,"governance_compliance":"Compliant"},{"timestamp":"2025-05-13T14:00:00.000","hourly_revenue":1151.003290694,"operational_cost":273.71,"carbon_saved_today":154.23,"social_impact_index":5,"governance_compliance":"Compliant"},{"timestamp":"2025-05-13T15:00:00.000","hourly_revenue":814.913549959,"operational_cost":308.89,"carbon_saved_today":109.2,"social_impact_index":5,"governance_compliance":"Compliant"},{"timestamp":"2025-05-13T16:00:00.000","hourly_revenue":933.7672111458,"operational_cost":320.02,"carbon_saved_today":125.12,"social_impact_index":5,"governance_compliance":"Compliant"},{"timestamp":"2025-05-13T17:00:00.000","hourly_revenue":405.8728596714,"operational_cost":306.55,"carbon_saved_today":54.39,"social_impact_index":5,"governance_compliance":"Compliant"},{"timestamp":"2025-05-13T18:00:00.000","hourly_revenue":0.0,"operational_cost":296.13,"carbon_saved_today":0.0,"social_impact_index":5,"governance_compliance":"Compliant"},{"timestamp":"2025-05-13T19:00:00.000","hourly_revenue":0.0,"operational_cost":240.24,"carbon_saved_today":0.0,"social_impact_index":5,"governance_compliance":"Compliant"},{"timestamp":"2025-05-13T20:00:00.000","hourly_revenue":0.0,"operational_cost":372.55,"carbon_saved_today":0.0,"social_impact_index":5,"governance_compliance":"Compliant"},{"timestamp":"2025-05-13T21:00:00.000","hourly_revenue":0.0,"operational_cost":390.36,"carbon_saved_today":0.0,"social_impact_index":5,"governance_compliance":"Compliant"},{"timestamp":"2025-05-13T22:00:00.000","hourly_revenue":0.0,"operational_cost":215.87,"carbon_saved_today":0.0,"social_impact_index":5,"governance_compliance":"Compliant"},{"timestamp":"2025-05-13T23:00:00.000","hourly_revenue":0.0,"operational_cost":248.8,"carbon_saved_today":0.0,"social_impact_index":5,"governance_compliance":"Compliant"},{"timestamp":"2025-05-14T00:00:00.000","hourly_revenue":0.0,"operational_cost":286.01,"carbon_saved_today":0.0,"social_impact_index":8,"governance_compliance":"Compliant"},{"timestamp":"2025-05-14T01:00:00.000","hourly_revenue":0.0,"operational_cost":251.77,"carbon_saved_today":0.0,"social_impact_index":8,"governance_compliance":"Compliant"},{"timestamp":"2025-05-14T02:00:00.000","hourly_revenue":0.0,"operational_cost":325.3,"carbon_saved_today":0.0,"social_impact_index":8,"governance_compliance":"Non-Compliant"},{"timestamp":"2025-05-14T03:00:00.000","hourly_revenue":0.0,"operational_cost":263.59,"carbon_saved_today":0.0,"social_impact_index":8,"governance_compliance":"Compliant"},{"timestamp":"2025-05-14T04:00:00.000","hourly_revenue":0.0,"operational_cost":408.25,"carbon_saved_today":0.0,"social_impact_index":8,"governance_compliance":"Compliant"},{"timestamp":"2025-05-14T05:00:00.000","hourly_revenue":0.0,"operational_cost":359.53,"carbon_saved_today":0.0,"social_impact_index":8,"governance_compliance":"Compliant"},{"timestamp":"2025-05-14T06:00:00.000","hourly_revenue":0.0,"operational_cost":310.63,"carbon_saved_today":0.0,"social_impact_index":8,"governance_compliance":"Compliant"},{"timestamp":"2025-05-14T07:00:00.000","hourly_revenue":556.5129935129,"operational_cost":351.35,"carbon_saved_today":74.57,"social_impact_index":8,"governance_compliance":"Compliant"},{"timestamp":"2025-05-14T08:00:00.000","hourly_revenue":826.0124265643,"operational_cost":355.3,"carbon_saved_today":110.69,"social_impact_index":8,"governance_compliance":"Compliant"},{"timestamp":"2025-05-14T09:00:00.000","hourly_revenue":1104.040909133,"operational_cost":271.8,"carbon_saved_today":147.94,"social_impact_index":8,"governance_compliance":"Compliant"},{"timestamp":"2025-05-14T10:00:00.000","hourly_revenue":1975.197473511,"operational_cost":259.19,"carbon_saved_today":264.68,"social_impact_index":8,"governance_compliance":"Compliant"},{"timestamp":"2025-05-14T11:00:00.000","hourly_revenue":1893.021843691,"operational_cost":303.91,"carbon_saved_today":253.66,"social_impact_index":8,"governance_compliance":"Compliant"},{"timestamp":"2025-05-14T12:00:00.000","hourly_revenue":1558.1637955055,"operational_cost":343.08,"carbon_saved_today":208.79,"social_impact_index":8,"governance_compliance":"Compliant"},{"timestamp":"2025-05-14T13:00:00.000","hourly_revenue":2409.855808893,"operational_cost":306.95,"carbon_saved_today":322.92,"social_impact_index":8,"governance_compliance":"Compliant"},{"timestamp":"2025-05-14T14:00:00.000","hourly_revenue":1349.0775393444,"operational_cost":221.15,"carbon_saved_today":180.78,"social_impact_index":8,"governance_compliance":"Compliant"},{"timestamp":"2025-05-14T15:00:00.000","hourly_revenue":1552.1242952692,"operational_cost":259.86,"carbon_saved_today":207.98,"social_impact_index":8,"governance_compliance":"Compliant"},{"timestamp":"2025-05-14T16:00:00.000","hourly_revenue":1241.8394626317,"operational_cost":296.3,"carbon_saved_today":166.41,"social_impact_index":8,"governance_compliance":"Compliant"},{"timestamp":"2025-05-14T17:00:00.000","hourly_revenue":450.1329338345,"operational_cost":296.22,"carbon_saved_today":60.32,"social_impact_index":8,"governance_compliance":"Compliant"},{"timestamp":"2025-05-14T18:00:00.000","hourly_revenue":0.0,"operational_cost":398.63,"carbon_saved_today":0.0,"social_impact_index":8,"governance_compliance":"Compliant"},{"timestamp":"2025-05-14T19:00:00.000","hourly_revenue":0.0,"operational_cost":230.7,"carbon_saved_today":0.0,"social_impact_index":8,"governance_compliance":"Compliant"},{"timestamp":"2025-05-14T20:00:00.000","hourly_revenue":0.0,"operational_cost":325.28,"carbon_saved_today":0.0,"social_impact_index":8,"governance_compliance":"Compliant"},{"timestamp":"2025-05-14T21:00:00.000","hourly_revenue":0.0,"operational_cost":374.46,"carbon_saved_today":0.0,"social_impact_index":8,"governance_compliance":"Compliant"},{"timestamp":"2025-05-14T22:00:00.000","hourly_revenue":0.0,"operational_cost":413.57,"carbon_saved_today":0.0,"social_impact_index":8,"governance_compliance":"Compliant"},{"timestamp":"2025-05-14T23:00:00.000","hourly_revenue":0.0,"operational_cost":279.78,"carbon_saved_today":0.0,"social_impact_index":8,"governance_compliance":"Compliant"},{"timestamp":"2025-05-15T00:00:00.000","hourly_revenue":0.0,"operational_cost":324.57,"carbon_saved_today":0.0,"social_impact_index":8,"governance_compliance":"Compliant"},{"timestamp":"2025-05-15T01:00:00.000","hourly_revenue":0.0,"operational_cost":328.49,"carbon_saved_today":0.0,"social_impact_index":8,"governance_compliance":"Compliant"},{"timestamp":"2025-05-15T02:00:00.000","hourly_revenue":0.0,"operational_cost":309.77,"carbon_saved_today":0.0,"social_impact_index":8,"governance_compliance":"Compliant"},{"timestamp":"2025-05-15T03:00:00.000","hourly_revenue":0.0,"operational_cost":295.06,"carbon_saved_today":0.0,"social_impact_index":8,"governance_compliance":"Compliant"},{"timestamp":"2025-05-15T04:00:00.000","hourly_revenue":0.0,"operational_cost":321.8,"carbon_saved_today":0.0,"social_impact_index":8,"governance_compliance":"Non-Compliant"},{"timestamp":"2025-05-15T05:00:00.000","hourly_revenue":0.0,"operational_cost":173.39,"carbon_saved_today":0.0,"social_impact_index":8,"governance_compliance":"Compliant"},{"timestamp":"2025-05-15T06:00:00.000","hourly_revenue":0.0,"operational_cost":334.1,"carbon_saved_today":0.0,"social_impact_index":8,"governance_compliance":"Compliant"},{"timestamp":"2025-05-15T07:00:00.000","hourly_revenue":498.5070622063,"operational_cost":306.31,"carbon_saved_today":66.8,"social_impact_index":8,"governance_compliance":"Compliant"},{"timestamp":"2025-05-15T08:00:00.000","hourly_revenue":815.3551883701,"operational_cost":288.88,"carbon_saved_today":109.26,"social_impact_index":8,"governance_compliance":"Compliant"},{"timestamp":"2025-05-15T09:00:00.000","hourly_revenue":1687.5840246049,"operational_cost":402.34,"carbon_saved_today":226.14,"social_impact_index":8,"governance_compliance":"Compliant"},{"timestamp":"2025-05-15T10:00:00.000","hourly_revenue":1688.5630377882,"operational_cost":266.25,"carbon_saved_today":226.27,"social_impact_index":8,"governance_compliance":"Compliant"},{"timestamp":"2025-05-15T11:00:00.000","hourly_revenue":1636.8796499785,"operational_cost":279.85,"carbon_saved_today":219.34,"social_impact_index":8,"governance_compliance":"Compliant"},{"timestamp":"2025-05-15T12:00:00.000","hourly_revenue":1867.7593508773,"operational_cost":399.58,"carbon_saved_today":250.28,"social_impact_index":8,"governance_compliance":"Compliant"},{"timestamp":"2025-05-15T13:00:00.000","hourly_revenue":1848.907362836,"operational_cost":258.4,"carbon_saved_today":247.75,"social_impact_index":8,"governance_compliance":"Compliant"},{"timestamp":"2025-05-15T14:00:00.000","hourly_revenue":2015.7069458319,"operational_cost":272.49,"carbon_saved_today":270.1,"social_impact_index":8,"governance_compliance":"Compliant"},{"timestamp":"2025-05-15T15:00:00.000","hourly_revenue":1579.4038750508,"operational_cost":292.65,"carbon_saved_today":211.64,"social_impact_index":8,"governance_compliance":"Compliant"},{"timestamp":"2025-05-15T16:00:00.000","hourly_revenue":1134.6524468207,"operational_cost":342.04,"carbon_saved_today":152.04,"social_impact_index":8,"governance_compliance":"Compliant"},{"timestamp":"2025-05-15T17:00:00.000","hourly_revenue":391.0836689795,"operational_cost":310.39,"carbon_saved_today":52.41,"social_impact_index":8,"governance_compliance":"Compliant"},{"timestamp":"2025-05-15T18:00:00.000","hourly_revenue":0.0,"operational_cost":235.37,"carbon_saved_today":0.0,"social_impact_index":8,"governance_compliance":"Compliant"},{"timestamp":"2025-05-15T19:00:00.000","hourly_revenue":0.0,"operational_cost":273.39,"carbon_saved_today":0.0,"social_impact_index":8,"governance_compliance":"Compliant"},{"timestamp":"2025-05-15T20:00:00.000","hourly_revenue":0.0,"operational_cost":269.63,"carbon_saved_today":0.0,"social_impact_index":8,"governance_compliance":"Compliant"},{"timestamp":"2025-05-15T21:00:00.000","hourly_revenue":0.0,"operational_cost":296.14,"carbon_saved_today":0.0,"social_impact_index":8,"governance_compliance":"Compliant"},{"timestamp":"2025-05-15T22:00:00.000","hourly_revenue":0.0,"operational_cost":321.29,"carbon_saved_today":0.0,"social_impact_index":8,"governance_compliance":"Compliant"},{"timestamp":"2025-05-15T23:00:00.000","hourly_revenue":0.0,"operational_cost":320.91,"carbon_saved_today":0.0,"social_impact_index":8,"governance_compliance":"Compliant"},{"timestamp":"2025-05-16T00:00:00.000","hourly_revenue":0.0,"operational_cost":211.2,"carbon_saved_today":0.0,"social_impact_index":8,"governance_compliance":"Compliant"},{"timestamp":"2025-05-16T01:00:00.000","hourly_revenue":0.0,"operational_cost":353.2,"carbon_saved_today":0.0,"social_impact_index":8,"governance_compliance":"Compliant"},{"timestamp":"2025-05-16T02:00:00.000","hourly_revenue":0.0,"operational_cost":312.63,"carbon_saved_today":0.0,"social_impact_index":8,"governance_compliance":"Compliant"},{"timestamp":"2025-05-16T03:00:00.000","hourly_revenue":0.0,"operational_cost":369.23,"carbon_saved_today":0.0,"social_impact_index":8,"governance_compliance":"Compliant"},{"timestamp":"2025-05-16T04:00:00.000","hourly_revenue":0.0,"operational_cost":322.21,"carbon_saved_today":0.0,"social_impact_index":8,"governance_compliance":"Compliant"},{"timestamp":"2025-05-16T05:00:00.000","hourly_revenue":0.0,"operational_cost":355.07,"carbon_saved_today":0.0,"social_impact_index":8,"governance_compliance":"Compliant"},{"timestamp":"2025-05-16T06:00:00.000","hourly_revenue":0.0,"operational_cost":323.33,"carbon_saved_today":0.0,"social_impact_index":8,"governance_compliance":"Non-Compliant"},{"timestamp":"2025-05-16T07:00:00.000","hourly_revenue":514.4944854522,"operational_cost":367.31,"carbon_saved_today":68.94,"social_impact_index":8,"governance_compliance":"Compliant"},{"timestamp":"2025-05-16T08:00:00.000","hourly_revenue":804.8680993388,"operational_cost":326.11,"carbon_saved_today":107.85,"social_impact_index":8,"governance_compliance":"Compliant"},{"timestamp":"2025-05-16T09:00:00.000","hourly_revenue":1448.1260422486,"operational_cost":295.1,"carbon_saved_today":194.05,"social_impact_index":8,"governance_compliance":"Compliant"},{"timestamp":"2025-05-16T10:00:00.000","hourly_revenue":1692.5404203094,"operational_cost":413.62,"carbon_saved_today":226.8,"social_impact_index":8,"governance_compliance":"Compliant"},{"timestamp":"2025-05-16T11:00:00.000","hourly_revenue":2264.4750522619,"operational_cost":344.45,"carbon_saved_today":303.44,"social_impact_index":8,"governance_compliance":"Non-Compliant"},{"timestamp":"2025-05-16T12:00:00.000","hourly_revenue":1598.0825807842,"operational_cost":328.69,"carbon_saved_today":214.14,"social_impact_index":8,"governance_compliance":"Compliant"},{"timestamp":"2025-05-16T13:00:00.000","hourly_revenue":1920.4934631397,"operational_cost":236.18,"carbon_saved_today":257.35,"social_impact_index":8,"governance_compliance":"Compliant"},{"timestamp":"2025-05-16T14:00:00.000","hourly_revenue":1428.9840611056,"operational_cost":235.58,"carbon_saved_today":191.48,"social_impact_index":8,"governance_compliance":"Compliant"},{"timestamp":"2025-05-16T15:00:00.000","hourly_revenue":1290.2407213718,"operational_cost":314.64,"carbon_saved_today":172.89,"social_impact_index":8,"governance_compliance":"Compliant"},{"timestamp":"2025-05-16T16:00:00.000","hourly_revenue":1118.6785386939,"operational_cost":307.28,"carbon_saved_today":149.9,"social_impact_index":8,"governance_compliance":"Compliant"},{"timestamp":"2025-05-16T17:00:00.000","hourly_revenue":511.4311253485,"operational_cost":269.29,"carbon_saved_today":68.53,"social_impact_index":8,"governance_compliance":"Compliant"},{"timestamp":"2025-05-16T18:00:00.000","hourly_revenue":0.0,"operational_cost":307.05,"carbon_saved_today":0.0,"social_impact_index":8,"governance_compliance":"Compliant"},{"timestamp":"2025-05-16T19:00:00.000","hourly_revenue":0.0,"operational_cost":379.43,"carbon_saved_today":0.0,"social_impact_index":8,"governance_compliance":"Compliant"},{"timestamp":"2025-05-16T20:00:00.000","hourly_revenue":0.0,"operational_cost":334.77,"carbon_saved_today":0.0,"social_impact_index":8,"governance_compliance":"Compliant"},{"timestamp":"2025-05-16T21:00:00.000","hourly_revenue":0.0,"operational_cost":242.95,"carbon_saved_today":0.0,"social_impact_index":8,"governance_compliance":"Compliant"},{"timestamp":"2025-05-16T22:00:00.000","hourly_revenue":0.0,"operational_cost":294.42,"carbon_saved_today":0.0,"social_impact_index":8,"governance_compliance":"Compliant"},{"timestamp":"2025-05-16T23:00:00.000","hourly_revenue":0.0,"operational_cost":259.75,"carbon_saved_today":0.0,"social_impact_index":8,"governance_compliance":"Compliant"},{"timestamp":"2025-05-17T00:00:00.000","hourly_revenue":0.0,"operational_cost":280.62,"carbon_saved_today":0.0,"social_impact_index":10,"governance_compliance":"Compliant"},{"timestamp":"2025-05-17T01:00:00.000","hourly_revenue":0.0,"operational_cost":279.32,"carbon_saved_today":0.0,"social_impact_index":10,"governance_compliance":"Compliant"},{"timestamp":"2025-05-17T02:00:00.000","hourly_revenue":0.0,"operational_cost":276.12,"carbon_saved_today":0.0,"social_impact_index":10,"governance_compliance":"Compliant"},{"timestamp":"2025-05-17T03:00:00.000","hourly_revenue":0.0,"operational_cost":237.24,"carbon_saved_today":0.0,"social_impact_index":10,"governance_compliance":"Compliant"},{"timestamp":"2025-05-17T04:00:00.000","hourly_revenue":0.0,"operational_cost":293.62,"carbon_saved_today":0.0,"social_impact_index":10,"governance_compliance":"Compliant"},{"timestamp":"2025-05-17T05:00:00.000","hourly_revenue":0.0,"operational_cost":271.97,"carbon_saved_today":0.0,"social_impact_index":10,"governance_compliance":"Compliant"},{"timestamp":"2025-05-17T06:00:00.000","hourly_revenue":0.0,"operational_cost":153.53,"carbon_saved_today":0.0,"social_impact_index":10,"governance_compliance":"Compliant"},{"timestamp":"2025-05-17T07:00:00.000","hourly_revenue":621.621745368,"operational_cost":402.65,"carbon_saved_today":83.3,"social_impact_index":10,"governance_compliance":"Compliant"},{"timestamp":"2025-05-17T08:00:00.000","hourly_revenue":980.7387323124,"operational_cost":354.44,"carbon_saved_today":131.42,"social_impact_index":10,"governance_compliance":"Compliant"},{"timestamp":"2025-05-17T09:00:00.000","hourly_revenue":1511.229657013,"operational_cost":281.18,"carbon_saved_today":202.5,"social_impact_index":10,"governance_compliance":"Non-Compliant"},{"timestamp":"2025-05-17T10:00:00.000","hourly_revenue":1870.0553523918,"operational_cost":300.94,"carbon_saved_today":250.59,"social_impact_index":10,"governance_compliance":"Compliant"},{"timestamp":"2025-05-17T11:00:00.000","hourly_revenue":2313.5060827516,"operational_cost":241.42,"carbon_saved_today":310.01,"social_impact_index":10,"governance_compliance":"Compliant"},{"timestamp":"2025-05-17T12:00:00.000","hourly_revenue":2136.6696821672,"operational_cost":384.79,"carbon_saved_today":286.31,"social_impact_index":10,"governance_compliance":"Compliant"},{"timestamp":"2025-05-17T13:00:00.000","hourly_revenue":2041.9030445796,"operational_cost":394.86,"carbon_saved_today":273.62,"social_impact_index":10,"governance_compliance":"Compliant"},{"timestamp":"2025-05-17T14:00:00.000","hourly_revenue":1356.7604660163,"operational_cost":307.83,"carbon_saved_today":181.81,"social_impact_index":10,"governance_compliance":"Compliant"},{"timestamp":"2025-05-17T15:00:00.000","hourly_revenue":1427.2299995188,"operational_cost":351.18,"carbon_saved_today":191.25,"social_impact_index":10,"governance_compliance":"Compliant"},{"timestamp":"2025-05-17T16:00:00.000","hourly_revenue":825.0845004085,"operational_cost":308.76,"carbon_saved_today":110.56,"social_impact_index":10,"governance_compliance":"Compliant"},{"timestamp":"2025-05-17T17:00:00.000","hourly_revenue":579.0904715006,"operational_cost":233.16,"carbon_saved_today":77.6,"social_impact_index":10,"governance_compliance":"Compliant"},{"timestamp":"2025-05-17T18:00:00.000","hourly_revenue":0.0,"operational_cost":279.41,"carbon_saved_today":0.0,"social_impact_index":10,"governance_compliance":"Compliant"},{"timestamp":"2025-05-17T19:00:00.000","hourly_revenue":0.0,"operational_cost":306.6,"carbon_saved_today":0.0,"social_impact_index":10,"governance_compliance":"Compliant"},{"timestamp":"2025-05-17T20:00:00.000","hourly_revenue":0.0,"operational_cost":277.27,"carbon_saved_today":0.0,"social_impact_index":10,"governance_compliance":"Compliant"},{"timestamp":"2025-05-17T21:00:00.000","hourly_revenue":0.0,"operational_cost":289.07,"carbon_saved_today":0.0,"social_impact_index":10,"governance_compliance":"Compliant"},{"timestamp":"2025-05-17T22:00:00.000","hourly_revenue":0.0,"operational_cost":295.43,"carbon_saved_today":0.0,"social_impact_index":10,"governance_compliance":"Non-Compliant"},{"timestamp":"2025-05-17T23:00:00.000","hourly_revenue":0.0,"operational_cost":295.96,"carbon_saved_today":0.0,"social_impact_index":10,"governance_compliance":"Compliant"},{"timestamp":"2025-05-18T00:00:00.000","hourly_revenue":0.0,"operational_cost":302.61,"carbon_saved_today":0.0,"social_impact_index":10,"governance_compliance":"Compliant"},{"timestamp":"2025-05-18T01:00:00.000","hourly_revenue":0.0,"operational_cost":246.97,"carbon_saved_today":0.0,"social_impact_index":10,"governance_compliance":"Compliant"},{"timestamp":"2025-05-18T02:00:00.000","hourly_revenue":0.0,"operational_cost":264.15,"carbon_saved_today":0.0,"social_impact_index":10,"governance_compliance":"Compliant"},{"timestamp":"2025-05-18T03:00:00.000","hourly_revenue":0.0,"operational_cost":235.77,"carbon_saved_today":0.0,"social_impact_index":10,"governance_compliance":"Compliant"},{"timestamp":"2025-05-18T04:00:00.000","hourly_revenue":0.0,"operational_cost":348.89,"carbon_saved_today":0.0,"social_impact_index":10,"governance_compliance":"Compliant"},{"timestamp":"2025-05-18T05:00:00.000","hourly_revenue":0.0,"operational_cost":194.72,"carbon_saved_today":0.0,"social_impact_index":10,"governance_compliance":"Compliant"},{"timestamp":"2025-05-18T06:00:00.000","hourly_revenue":0.0,"operational_cost":357.68,"carbon_saved_today":0.0,"social_impact_index":10,"governance_compliance":"Non-Compliant"},{"timestamp":"2025-05-18T07:00:00.000","hourly_revenue":588.7236548794,"operational_cost":369.32,"carbon_saved_today":78.89,"social_impact_index":10,"governance_compliance":"Compliant"},{"timestamp":"2025-05-18T08:00:00.000","hourly_revenue":1080.6853055352,"operational_cost":284.89,"carbon_saved_today":144.81,"social_impact_index":10,"governance_compliance":"Compliant"},{"timestamp":"2025-05-18T09:00:00.000","hourly_revenue":1191.6132136646,"operational_cost":169.84,"carbon_saved_today":159.68,"social_impact_index":10,"governance_compliance":"Compliant"},{"timestamp":"2025-05-18T10:00:00.000","hourly_revenue":1449.821213112,"operational_cost":281.93,"carbon_saved_today":194.28,"social_impact_index":10,"governance_compliance":"Compliant"},{"timestamp":"2025-05-18T11:00:00.000","hourly_revenue":1543.9316386863,"operational_cost":296.79,"carbon_saved_today":206.89,"social_impact_index":10,"governance_compliance":"Compliant"},{"timestamp":"2025-05-18T12:00:00.000","hourly_revenue":2160.3027197013,"operational_cost":249.47,"carbon_saved_today":289.48,"social_impact_index":10,"governance_compliance":"Compliant"},{"timestamp":"2025-05-18T13:00:00.000","hourly_revenue":2187.2160347829,"operational_cost":274.24,"carbon_saved_today":293.09,"social_impact_index":10,"governance_compliance":"Compliant"},{"timestamp":"2025-05-18T14:00:00.000","hourly_revenue":1528.5750457884,"operational_cost":376.51,"carbon_saved_today":204.83,"social_impact_index":10,"governance_compliance":"Compliant"},{"timestamp":"2025-05-18T15:00:00.000","hourly_revenue":1075.4704957565,"operational_cost":333.25,"carbon_saved_today":144.11,"social_impact_index":10,"governance_compliance":"Compliant"},{"timestamp":"2025-05-18T16:00:00.000","hourly_revenue":791.0858337382,"operational_cost":253.77,"carbon_saved_today":106.01,"social_impact_index":10,"governance_compliance":"Compliant"},{"timestamp":"2025-05-18T17:00:00.000","hourly_revenue":638.7291776653,"operational_cost":220.12,"carbon_saved_today":85.59,"social_impact_index":10,"governance_compliance":"Compliant"},{"timestamp":"2025-05-18T18:00:00.000","hourly_revenue":0.0,"operational_cost":283.65,"carbon_saved_today":0.0,"social_impact_index":10,"governance_compliance":"Compliant"},{"timestamp":"2025-05-18T19:00:00.000","hourly_revenue":0.0,"operational_cost":289.33,"carbon_saved_today":0.0,"social_impact_index":10,"governance_compliance":"Compliant"},{"timestamp":"2025-05-18T20:00:00.000","hourly_revenue":0.0,"operational_cost":324.81,"carbon_saved_today":0.0,"social_impact_index":10,"governance_compliance":"Compliant"},{"timestamp":"2025-05-18T21:00:00.000","hourly_revenue":0.0,"operational_cost":273.23,"carbon_saved_today":0.0,"social_impact_index":10,"governance_compliance":"Compliant"},{"timestamp":"2025-05-18T22:00:00.000","hourly_revenue":0.0,"operational_cost":325.57,"carbon_saved_today":0.0,"social_impact_index":10,"governance_compliance":"Compliant"},{"timestamp":"2025-05-18T23:00:00.000","hourly_revenue":0.0,"operational_cost":396.76,"carbon_saved_today":0.0,"social_impact_index":10,"governance_compliance":"Compliant"},{"timestamp":"2025-05-19T00:00:00.000","hourly_revenue":0.0,"operational_cost":340.78,"carbon_saved_today":0.0,"social_impact_index":8,"governance_compliance":"Compliant"},{"timestamp":"2025-05-19T01:00:00.000","hourly_revenue":0.0,"operational_cost":297.6,"carbon_saved_today":0.0,"social_impact_index":8,"governance_compliance":"Compliant"},{"timestamp":"2025-05-19T02:00:00.000","hourly_revenue":0.0,"operational_cost":290.84,"carbon_saved_today":0.0,"social_impact_index":8,"governance_compliance":"Compliant"},{"timestamp":"2025-05-19T03:00:00.000","hourly_revenue":0.0,"operational_cost":282.17,"carbon_saved_today":0.0,"social_impact_index":8,"governance_compliance":"Compliant"},{"timestamp":"2025-05-19T04:00:00.000","hourly_revenue":0.0,"operational_cost":359.03,"carbon_saved_today":0.0,"social_impact_index":8,"governance_compliance":"Compliant"},{"timestamp":"2025-05-19T05:00:00.000","hourly_revenue":0.0,"operational_cost":268.63,"carbon_saved_today":0.0,"social_impact_index":8,"governance_compliance":"Compliant"},{"timestamp":"2025-05-19T06:00:00.000","hourly_revenue":0.0,"operational_cost":302.26,"carbon_saved_today":0.0,"social_impact_index":8,"governance_compliance":"Non-Compliant"},{"timestamp":"2025-05-19T07:00:00.000","hourly_revenue":464.0164875777,"operational_cost":302.56,"carbon_saved_today":62.18,"social_impact_index":8,"governance_compliance":"Compliant"},{"timestamp":"2025-05-19T08:00:00.000","hourly_revenue":1239.9851646794,"operational_cost":274.91,"carbon_saved_today":166.16,"social_impact_index":8,"governance_compliance":"Compliant"},{"timestamp":"2025-05-19T09:00:00.000","hourly_revenue":1486.254725283,"operational_cost":231.38,"carbon_saved_today":199.16,"social_impact_index":8,"governance_compliance":"Compliant"},{"timestamp":"2025-05-19T10:00:00.000","hourly_revenue":1803.4309234238,"operational_cost":316.15,"carbon_saved_today":241.66,"social_impact_index":8,"governance_compliance":"Compliant"},{"timestamp":"2025-05-19T11:00:00.000","hourly_revenue":2171.4719433988,"operational_cost":296.95,"carbon_saved_today":290.98,"social_impact_index":8,"governance_compliance":"Compliant"},{"timestamp":"2025-05-19T12:00:00.000","hourly_revenue":2311.7697880901,"operational_cost":325.01,"carbon_saved_today":309.78,"social_impact_index":8,"governance_compliance":"Compliant"},{"timestamp":"2025-05-19T13:00:00.000","hourly_revenue":2082.9983806614,"operational_cost":273.32,"carbon_saved_today":279.12,"social_impact_index":8,"governance_compliance":"Non-Compliant"},{"timestamp":"2025-05-19T14:00:00.000","hourly_revenue":1409.9722761465,"operational_cost":361.04,"carbon_saved_today":188.94,"social_impact_index":8,"governance_compliance":"Compliant"},{"timestamp":"2025-05-19T15:00:00.000","hourly_revenue":1299.8514191236,"operational_cost":256.16,"carbon_saved_today":174.18,"social_impact_index":8,"governance_compliance":"Compliant"},{"timestamp":"2025-05-19T16:00:00.000","hourly_revenue":1214.041820163,"operational_cost":385.6,"carbon_saved_today":162.68,"social_impact_index":8,"governance_compliance":"Compliant"},{"timestamp":"2025-05-19T17:00:00.000","hourly_revenue":446.3633658263,"operational_cost":212.62,"carbon_saved_today":59.81,"social_impact_index":8,"governance_compliance":"Compliant"},{"timestamp":"2025-05-19T18:00:00.000","hourly_revenue":0.0,"operational_cost":321.74,"carbon_saved_today":0.0,"social_impact_index":8,"governance_compliance":"Compliant"},{"timestamp":"2025-05-19T19:00:00.000","hourly_revenue":0.0,"operational_cost":323.77,"carbon_saved_today":0.0,"social_impact_index":8,"governance_compliance":"Compliant"},{"timestamp":"2025-05-19T20:00:00.000","hourly_revenue":0.0,"operational_cost":260.22,"carbon_saved_today":0.0,"social_impact_index":8,"governance_compliance":"Compliant"},{"timestamp":"2025-05-19T21:00:00.000","hourly_revenue":0.0,"operational_cost":321.22,"carbon_saved_today":0.0,"social_impact_index":8,"governance_compliance":"Compliant"},{"timestamp":"2025-05-19T22:00:00.000","hourly_revenue":0.0,"operational_cost":363.98,"carbon_saved_today":0.0,"social_impact_index":8,"governance_compliance":"Compliant"},{"timestamp":"2025-05-19T23:00:00.000","hourly_revenue":0.0,"operational_cost":189.16,"carbon_saved_today":0.0,"social_impact_index":8,"governance_compliance":"Compliant"},{"timestamp":"2025-05-20T00:00:00.000","hourly_revenue":0.0,"operational_cost":325.14,"carbon_saved_today":0.0,"social_impact_index":8,"governance_compliance":"Compliant"},{"timestamp":"2025-05-20T01:00:00.000","hourly_revenue":0.0,"operational_cost":175.34,"carbon_saved_today":0.0,"social_impact_index":8,"governance_compliance":"Compliant"},{"timestamp":"2025-05-20T02:00:00.000","hourly_revenue":0.0,"operational_cost":251.72,"carbon_saved_today":0.0,"social_impact_index":8,"governance_compliance":"Compliant"},{"timestamp":"2025-05-20T03:00:00.000","hourly_revenue":0.0,"operational_cost":381.46,"carbon_saved_today":0.0,"social_impact_index":8,"governance_compliance":"Compliant"},{"timestamp":"2025-05-20T04:00:00.000","hourly_revenue":0.0,"operational_cost":270.91,"carbon_saved_today":0.0,"social_impact_index":8,"governance_compliance":"Compliant"},{"timestamp":"2025-05-20T05:00:00.000","hourly_revenue":0.0,"operational_cost":241.31,"carbon_saved_today":0.0,"social_impact_index":8,"governance_compliance":"Compliant"},{"timestamp":"2025-05-20T06:00:00.000","hourly_revenue":0.0,"operational_cost":290.1,"carbon_saved_today":0.0,"social_impact_index":8,"governance_compliance":"Non-Compliant"},{"timestamp":"2025-05-20T07:00:00.000","hourly_revenue":607.3226004592,"operational_cost":403.4,"carbon_saved_today":81.38,"social_impact_index":8,"governance_compliance":"Compliant"},{"timestamp":"2025-05-20T08:00:00.000","hourly_revenue":1209.4632668198,"operational_cost":208.42,"carbon_saved_today":162.07,"social_impact_index":8,"governance_compliance":"Compliant"},{"timestamp":"2025-05-20T09:00:00.000","hourly_revenue":1239.0215076378,"operational_cost":247.43,"carbon_saved_today":166.03,"social_impact_index":8,"governance_compliance":"Compliant"},{"timestamp":"2025-05-20T10:00:00.000","hourly_revenue":1952.9235968933,"operational_cost":374.87,"carbon_saved_today":261.69,"social_impact_index":8,"governance_compliance":"Compliant"},{"timestamp":"2025-05-20T11:00:00.000","hourly_revenue":1893.7357338769,"operational_cost":392.89,"carbon_saved_today":253.76,"social_impact_index":8,"governance_compliance":"Compliant"},{"timestamp":"2025-05-20T12:00:00.000","hourly_revenue":2341.9985528901,"operational_cost":294.83,"carbon_saved_today":313.83,"social_impact_index":8,"governance_compliance":"Compliant"},{"timestamp":"2025-05-20T13:00:00.000","hourly_revenue":2152.5566987148,"operational_cost":238.05,"carbon_saved_today":288.44,"social_impact_index":8,"governance_compliance":"Compliant"},{"timestamp":"2025-05-20T14:00:00.000","hourly_revenue":1971.461319049,"operational_cost":404.79,"carbon_saved_today":264.18,"social_impact_index":8,"governance_compliance":"Compliant"},{"timestamp":"2025-05-20T15:00:00.000","hourly_revenue":1524.6366567599,"operational_cost":379.72,"carbon_saved_today":204.3,"social_impact_index":8,"governance_compliance":"Compliant"},{"timestamp":"2025-05-20T16:00:00.000","hourly_revenue":838.7143847349,"operational_cost":333.95,"carbon_saved_today":112.39,"social_impact_index":8,"governance_compliance":"Compliant"},{"timestamp":"2025-05-20T17:00:00.000","hourly_revenue":529.2919143579,"operational_cost":259.38,"carbon_saved_today":70.93,"social_impact_index":8,"governance_compliance":"Compliant"},{"timestamp":"2025-05-20T18:00:00.000","hourly_revenue":0.0,"operational_cost":297.55,"carbon_saved_today":0.0,"social_impact_index":8,"governance_compliance":"Compliant"},{"timestamp":"2025-05-20T19:00:00.000","hourly_revenue":0.0,"operational_cost":291.98,"carbon_saved_today":0.0,"social_impact_index":8,"governance_compliance":"Compliant"},{"timestamp":"2025-05-20T20:00:00.000","hourly_revenue":0.0,"operational_cost":316.54,"carbon_saved_today":0.0,"social_impact_index":8,"governance_compliance":"Compliant"},{"timestamp":"2025-05-20T21:00:00.000","hourly_revenue":0.0,"operational_cost":372.55,"carbon_saved_today":0.0,"social_impact_index":8,"governance_compliance":"Compliant"},{"timestamp":"2025-05-20T22:00:00.000","hourly_revenue":0.0,"operational_cost":343.97,"carbon_saved_today":0.0,"social_impact_index":8,"governance_compliance":"Compliant"},{"timestamp":"2025-05-20T23:00:00.000","hourly_revenue":0.0,"operational_cost":246.13,"carbon_saved_today":0.0,"social_impact_index":8,"governance_compliance":"Non-Compliant"},{"timestamp":"2025-05-21T00:00:00.000","hourly_revenue":0.0,"operational_cost":368.82,"carbon_saved_today":0.0,"social_impact_index":5,"governance_compliance":"Compliant"},{"timestamp":"2025-05-21T01:00:00.000","hourly_revenue":0.0,"operational_cost":315.66,"carbon_saved_today":0.0,"social_impact_index":5,"governance_compliance":"Compliant"},{"timestamp":"2025-05-21T02:00:00.000","hourly_revenue":0.0,"operational_cost":334.35,"carbon_saved_today":0.0,"social_impact_index":5,"governance_compliance":"Compliant"},{"timestamp":"2025-05-21T03:00:00.000","hourly_revenue":0.0,"operational_cost":373.33,"carbon_saved_today":0.0,"social_impact_index":5,"governance_compliance":"Compliant"},{"timestamp":"2025-05-21T04:00:00.000","hourly_revenue":0.0,"operational_cost":244.42,"carbon_saved_today":0.0,"social_impact_index":5,"governance_compliance":"Compliant"},{"timestamp":"2025-05-21T05:00:00.000","hourly_revenue":0.0,"operational_cost":298.21,"carbon_saved_today":0.0,"social_impact_index":5,"governance_compliance":"Compliant"},{"timestamp":"2025-05-21T06:00:00.000","hourly_revenue":0.0,"operational_cost":273.43,"carbon_saved_today":0.0,"social_impact_index":5,"governance_compliance":"Compliant"},{"timestamp":"2025-05-21T07:00:00.000","hourly_revenue":519.8019589744,"operational_cost":221.61,"carbon_saved_today":69.65,"social_impact_index":5,"governance_compliance":"Compliant"},{"timestamp":"2025-05-21T08:00:00.000","hourly_revenue":898.7742256594,"operational_cost":317.34,"carbon_saved_today":120.44,"social_impact_index":5,"governance_compliance":"Compliant"},{"timestamp":"2025-05-21T09:00:00.000","hourly_revenue":1460.19105445,"operational_cost":425.58,"carbon_saved_today":195.67,"social_impact_index":5,"governance_compliance":"Compliant"},{"timestamp":"2025-05-21T10:00:00.000","hourly_revenue":1326.941194282,"operational_cost":208.0,"carbon_saved_today":177.81,"social_impact_index":5,"governance_compliance":"Compliant"},{"timestamp":"2025-05-21T11:00:00.000","hourly_revenue":1604.7177289875,"operational_cost":298.39,"carbon_saved_today":215.03,"social_impact_index":5,"governance_compliance":"Compliant"},{"timestamp":"2025-05-21T12:00:00.000","hourly_revenue":1495.4039477855,"operational_cost":332.03,"carbon_saved_today":200.38,"social_impact_index":5,"governance_compliance":"Compliant"},{"timestamp":"2025-05-21T13:00:00.000","hourly_revenue":1528.8529823059,"operational_cost":306.15,"carbon_saved_today":204.87,"social_impact_index":5,"governance_compliance":"Compliant"},{"timestamp":"2025-05-21T14:00:00.000","hourly_revenue":1006.3649455808,"operational_cost":294.34,"carbon_saved_today":134.85,"social_impact_index":5,"governance_compliance":"Compliant"},{"timestamp":"2025-05-21T15:00:00.000","hourly_revenue":970.9214142946,"operational_cost":235.04,"carbon_saved_today":130.1,"social_impact_index":5,"governance_compliance":"Compliant"},{"timestamp":"2025-05-21T16:00:00.000","hourly_revenue":754.6658099135,"operational_cost":311.64,"carbon_saved_today":101.13,"social_impact_index":5,"governance_compliance":"Compliant"},{"timestamp":"2025-05-21T17:00:00.000","hourly_revenue":452.0737558162,"operational_cost":262.16,"carbon_saved_today":60.58,"social_impact_index":5,"governance_compliance":"Compliant"},{"timestamp":"2025-05-21T18:00:00.000","hourly_revenue":0.0,"operational_cost":190.5,"carbon_saved_today":0.0,"social_impact_index":5,"governance_compliance":"Compliant"},{"timestamp":"2025-05-21T19:00:00.000","hourly_revenue":0.0,"operational_cost":359.73,"carbon_saved_today":0.0,"social_impact_index":5,"governance_compliance":"Compliant"},{"timestamp":"2025-05-21T20:00:00.000","hourly_revenue":0.0,"operational_cost":347.92,"carbon_saved_today":0.0,"social_impact_index":5,"governance_compliance":"Compliant"},{"timestamp":"2025-05-21T21:00:00.000","hourly_revenue":0.0,"operational_cost":302.58,"carbon_saved_today":0.0,"social_impact_index":5,"governance_compliance":"Compliant"},{"timestamp":"2025-05-21T22:00:00.000","hourly_revenue":0.0,"operational_cost":311.45,"carbon_saved_today":0.0,"social_impact_index":5,"governance_compliance":"Compliant"},{"timestamp":"2025-05-21T23:00:00.000","hourly_revenue":0.0,"operational_cost":353.72,"carbon_saved_today":0.0,"social_impact_index":5,"governance_compliance":"Compliant"},{"timestamp":"2025-05-22T00:00:00.000","hourly_revenue":0.0,"operational_cost":311.22,"carbon_saved_today":0.0,"social_impact_index":8,"governance_compliance":"Compliant"},{"timestamp":"2025-05-22T01:00:00.000","hourly_revenue":0.0,"operational_cost":345.2,"carbon_saved_today":0.0,"social_impact_index":8,"governance_compliance":"Compliant"},{"timestamp":"2025-05-22T02:00:00.000","hourly_revenue":0.0,"operational_cost":285.13,"carbon_saved_today":0.0,"social_impact_index":8,"governance_compliance":"Compliant"},{"timestamp":"2025-05-22T03:00:00.000","hourly_revenue":0.0,"operational_cost":365.6,"carbon_saved_today":0.0,"social_impact_index":8,"governance_compliance":"Compliant"},{"timestamp":"2025-05-22T04:00:00.000","hourly_revenue":0.0,"operational_cost":316.04,"carbon_saved_today":0.0,"social_impact_index":8,"governance_compliance":"Compliant"},{"timestamp":"2025-05-22T05:00:00.000","hourly_revenue":0.0,"operational_cost":309.7,"carbon_saved_today":0.0,"social_impact_index":8,"governance_compliance":"Compliant"},{"timestamp":"2025-05-22T06:00:00.000","hourly_revenue":0.0,"operational_cost":236.5,"carbon_saved_today":0.0,"social_impact_index":8,"governance_compliance":"Compliant"},{"timestamp":"2025-05-22T07:00:00.000","hourly_revenue":389.5820912372,"operational_cost":314.35,"carbon_saved_today":52.2,"social_impact_index":8,"governance_compliance":"Compliant"},{"timestamp":"2025-05-22T08:00:00.000","hourly_revenue":1130.495380014,"operational_cost":258.4,"carbon_saved_today":151.49,"social_impact_index":8,"governance_compliance":"Compliant"},{"timestamp":"2025-05-22T09:00:00.000","hourly_revenue":1085.6290703109,"operational_cost":268.09,"carbon_saved_today":145.47,"social_impact_index":8,"governance_compliance":"Compliant"},{"timestamp":"2025-05-22T10:00:00.000","hourly_revenue":1944.8625059822,"operational_cost":259.23,"carbon_saved_today":260.61,"social_impact_index":8,"governance_compliance":"Compliant"},{"timestamp":"2025-05-22T11:00:00.000","hourly_revenue":1644.4699418187,"operational_cost":246.69,"carbon_saved_today":220.36,"social_impact_index":8,"governance_compliance":"Compliant"},{"timestamp":"2025-05-22T12:00:00.000","hourly_revenue":2458.0734801194,"operational_cost":406.24,"carbon_saved_today":329.38,"social_impact_index":8,"governance_compliance":"Compliant"},{"timestamp":"2025-05-22T13:00:00.000","hourly_revenue":1804.2922136605,"operational_cost":366.57,"carbon_saved_today":241.78,"social_impact_index":8,"governance_compliance":"Compliant"},{"timestamp":"2025-05-22T14:00:00.000","hourly_revenue":1582.1691907257,"operational_cost":396.02,"carbon_saved_today":212.01,"social_impact_index":8,"governance_compliance":"Compliant"},{"timestamp":"2025-05-22T15:00:00.000","hourly_revenue":1165.9399218075,"operational_cost":238.86,"carbon_saved_today":156.24,"social_impact_index":8,"governance_compliance":"Compliant"},{"timestamp":"2025-05-22T16:00:00.000","hourly_revenue":902.8021077451,"operational_cost":303.56,"carbon_saved_today":120.98,"social_impact_index":8,"governance_compliance":"Compliant"},{"timestamp":"2025-05-22T17:00:00.000","hourly_revenue":615.1224807186,"operational_cost":235.32,"carbon_saved_today":82.43,"social_impact_index":8,"governance_compliance":"Compliant"},{"timestamp":"2025-05-22T18:00:00.000","hourly_revenue":0.0,"operational_cost":265.22,"carbon_saved_today":0.0,"social_impact_index":8,"governance_compliance":"Compliant"},{"timestamp":"2025-05-22T19:00:00.000","hourly_revenue":0.0,"operational_cost":254.09,"carbon_saved_today":0.0,"social_impact_index":8,"governance_compliance":"Compliant"},{"timestamp":"2025-05-22T20:00:00.000","hourly_revenue":0.0,"operational_cost":361.98,"carbon_saved_today":0.0,"social_impact_index":8,"governance_compliance":"Compliant"},{"timestamp":"2025-05-22T21:00:00.000","hourly_revenue":0.0,"operational_cost":280.19,"carbon_saved_today":0.0,"social_impact_index":8,"governance_compliance":"Compliant"},{"timestamp":"2025-05-22T22:00:00.000","hourly_revenue":0.0,"operational_cost":353.42,"carbon_saved_today":0.0,"social_impact_index":8,"governance_compliance":"Compliant"},{"timestamp":"2025-05-22T23:00:00.000","hourly_revenue":0.0,"operational_cost":330.21,"carbon_saved_today":0.0,"social_impact_index":8,"governance_compliance":"Compliant"},{"timestamp":"2025-05-23T00:00:00.000","hourly_revenue":0.0,"operational_cost":415.18,"carbon_saved_today":0.0,"social_impact_index":8,"governance_compliance":"Compliant"},{"timestamp":"2025-05-23T01:00:00.000","hourly_revenue":0.0,"operational_cost":226.03,"carbon_saved_today":0.0,"social_impact_index":8,"governance_compliance":"Compliant"},{"timestamp":"2025-05-23T02:00:00.000","hourly_revenue":0.0,"operational_cost":362.96,"carbon_saved_today":0.0,"social_impact_index":8,"governance_compliance":"Compliant"},{"timestamp":"2025-05-23T03:00:00.000","hourly_revenue":0.0,"operational_cost":357.32,"carbon_saved_today":0.0,"social_impact_index":8,"governance_compliance":"Compliant"},{"timestamp":"2025-05-23T04:00:00.000","hourly_revenue":0.0,"operational_cost":251.33,"carbon_saved_today":0.0,"social_impact_index":8,"governance_compliance":"Compliant"},{"timestamp":"2025-05-23T05:00:00.000","hourly_revenue":0.0,"operational_cost":350.36,"carbon_saved_today":0.0,"social_impact_index":8,"governance_compliance":"Compliant"},{"timestamp":"2025-05-23T06:00:00.000","hourly_revenue":0.0,"operational_cost":316.81,"carbon_saved_today":0.0,"social_impact_index":8,"governance_compliance":"Compliant"},{"timestamp":"2025-05-23T07:00:00.000","hourly_revenue":412.2963162563,"operational_cost":288.63,"carbon_saved_today":55.25,"social_impact_index":8,"governance_compliance":"Compliant"},{"timestamp":"2025-05-23T08:00:00.000","hourly_revenue":1044.1011334742,"operational_cost":258.8,"carbon_saved_today":139.91,"social_impact_index":8,"governance_compliance":"Compliant"},{"timestamp":"2025-05-23T09:00:00.000","hourly_revenue":1400.7593637852,"operational_cost":264.04,"carbon_saved_today":187.7,"social_impact_index":8,"governance_compliance":"Compliant"},{"timestamp":"2025-05-23T10:00:00.000","hourly_revenue":1855.3083286098,"operational_cost":402.49,"carbon_saved_today":248.61,"social_impact_index":8,"governance_compliance":"Compliant"},{"timestamp":"2025-05-23T11:00:00.000","hourly_revenue":1511.5325012724,"operational_cost":300.03,"carbon_saved_today":202.55,"social_impact_index":8,"governance_compliance":"Compliant"},{"timestamp":"2025-05-23T12:00:00.000","hourly_revenue":2079.9837874281,"operational_cost":339.11,"carbon_saved_today":278.72,"social_impact_index":8,"governance_compliance":"Compliant"},{"timestamp":"2025-05-23T13:00:00.000","hourly_revenue":1991.241204007,"operational_cost":260.46,"carbon_saved_today":266.83,"social_impact_index":8,"governance_compliance":"Compliant"},{"timestamp":"2025-05-23T14:00:00.000","hourly_revenue":1784.5839903292,"operational_cost":261.01,"carbon_saved_today":239.13,"social_impact_index":8,"governance_compliance":"Compliant"},{"timestamp":"2025-05-23T15:00:00.000","hourly_revenue":1487.3903931926,"operational_cost":354.1,"carbon_saved_today":199.31,"social_impact_index":8,"governance_compliance":"Compliant"},{"timestamp":"2025-05-23T16:00:00.000","hourly_revenue":1088.2339686132,"operational_cost":232.52,"carbon_saved_today":145.82,"social_impact_index":8,"governance_compliance":"Compliant"},{"timestamp":"2025-05-23T17:00:00.000","hourly_revenue":596.5750518692,"operational_cost":279.24,"carbon_saved_today":79.94,"social_impact_index":8,"governance_compliance":"Compliant"},{"timestamp":"2025-05-23T18:00:00.000","hourly_revenue":0.0,"operational_cost":301.7,"carbon_saved_today":0.0,"social_impact_index":8,"governance_compliance":"Compliant"},{"timestamp":"2025-05-23T19:00:00.000","hourly_revenue":0.0,"operational_cost":305.57,"carbon_saved_today":0.0,"social_impact_index":8,"governance_compliance":"Compliant"},{"timestamp":"2025-05-23T20:00:00.000","hourly_revenue":0.0,"operational_cost":291.05,"carbon_saved_today":0.0,"social_impact_index":8,"governance_compliance":"Compliant"},{"timestamp":"2025-05-23T21:00:00.000","hourly_revenue":0.0,"operational_cost":319.79,"carbon_saved_today":0.0,"social_impact_index":8,"governance_compliance":"Compliant"},{"timestamp":"2025-05-23T22:00:00.000","hourly_revenue":0.0,"operational_cost":334.64,"carbon_saved_today":0.0,"social_impact_index":8,"governance_compliance":"Compliant"},{"timestamp":"2025-05-23T23:00:00.000","hourly_revenue":0.0,"operational_cost":336.73,"carbon_saved_today":0.0,"social_impact_index":8,"governance_compliance":"Compliant"},{"timestamp":"2025-05-24T00:00:00.000","hourly_revenue":0.0,"operational_cost":250.71,"carbon_saved_today":0.0,"social_impact_index":10,"governance_compliance":"Partial"},{"timestamp":"2025-05-24T01:00:00.000","hourly_revenue":0.0,"operational_cost":285.79,"carbon_saved_today":0.0,"social_impact_index":10,"governance_compliance":"Partial"},{"timestamp":"2025-05-24T02:00:00.000","hourly_revenue":0.0,"operational_cost":359.74,"carbon_saved_today":0.0,"social_impact_index":10,"governance_compliance":"Partial"},{"timestamp":"2025-05-24T03:00:00.000","hourly_revenue":0.0,"operational_cost":344.73,"carbon_saved_today":0.0,"social_impact_index":10,"governance_compliance":"Partial"},{"timestamp":"2025-05-24T04:00:00.000","hourly_revenue":0.0,"operational_cost":231.36,"carbon_saved_today":0.0,"social_impact_index":10,"governance_compliance":"Partial"},{"timestamp":"2025-05-24T05:00:00.000","hourly_revenue":0.0,"operational_cost":317.57,"carbon_saved_today":0.0,"social_impact_index":10,"governance_compliance":"Partial"},{"timestamp":"2025-05-24T06:00:00.000","hourly_revenue":0.0,"operational_cost":201.09,"carbon_saved_today":0.0,"social_impact_index":10,"governance_compliance":"Partial"},{"timestamp":"2025-05-24T07:00:00.000","hourly_revenue":0.0,"operational_cost":302.35,"carbon_saved_today":0.0,"social_impact_index":10,"governance_compliance":"Partial"},{"timestamp":"2025-05-24T08:00:00.000","hourly_revenue":0.0,"operational_cost":394.89,"carbon_saved_today":0.0,"social_impact_index":10,"governance_compliance":"Partial"},{"timestamp":"2025-05-24T09:00:00.000","hourly_revenue":0.0,"operational_cost":252.61,"carbon_saved_today":0.0,"social_impact_index":10,"governance_compliance":"Partial"},{"timestamp":"2025-05-24T10:00:00.000","hourly_revenue":0.0,"operational_cost":258.28,"carbon_saved_today":0.0,"social_impact_index":10,"governance_compliance":"Partial"},{"timestamp":"2025-05-24T11:00:00.000","hourly_revenue":0.0,"operational_cost":338.2,"carbon_saved_today":0.0,"social_impact_index":10,"governance_compliance":"Partial"},{"timestamp":"2025-05-24T12:00:00.000","hourly_revenue":0.0,"operational_cost":222.86,"carbon_saved_today":0.0,"social_impact_index":10,"governance_compliance":"Partial"},{"timestamp":"2025-05-24T13:00:00.000","hourly_revenue":0.0,"operational_cost":268.36,"carbon_saved_today":0.0,"social_impact_index":10,"governance_compliance":"Partial"},{"timestamp":"2025-05-24T14:00:00.000","hourly_revenue":0.0,"operational_cost":329.82,"carbon_saved_today":0.0,"social_impact_index":10,"governance_compliance":"Partial"},{"timestamp":"2025-05-24T15:00:00.000","hourly_revenue":0.0,"operational_cost":268.29,"carbon_saved_today":0.0,"social_impact_index":10,"governance_compliance":"Partial"},{"timestamp":"2025-05-24T16:00:00.000","hourly_revenue":0.0,"operational_cost":288.2,"carbon_saved_today":0.0,"social_impact_index":10,"governance_compliance":"Partial"},{"timestamp":"2025-05-24T17:00:00.000","hourly_revenue":0.0,"operational_cost":337.21,"carbon_saved_today":0.0,"social_impact_index":10,"governance_compliance":"Partial"},{"timestamp":"2025-05-24T18:00:00.000","hourly_revenue":0.0,"operational_cost":321.08,"carbon_saved_today":0.0,"social_impact_index":10,"governance_compliance":"Partial"},{"timestamp":"2025-05-24T19:00:00.000","hourly_revenue":0.0,"operational_cost":313.34,"carbon_saved_today":0.0,"social_impact_index":10,"governance_compliance":"Partial"},{"timestamp":"2025-05-24T20:00:00.000","hourly_revenue":0.0,"operational_cost":283.04,"carbon_saved_today":0.0,"social_impact_index":10,"governance_compliance":"Partial"},{"timestamp":"2025-05-24T21:00:00.000","hourly_revenue":0.0,"operational_cost":318.5,"carbon_saved_today":0.0,"social_impact_index":10,"governance_compliance":"Partial"},{"timestamp":"2025-05-24T22:00:00.000","hourly_revenue":0.0,"operational_cost":293.81,"carbon_saved_today":0.0,"social_impact_index":10,"governance_compliance":"Partial"},{"timestamp":"2025-05-24T23:00:00.000","hourly_revenue":0.0,"operational_cost":322.89,"carbon_saved_today":0.0,"social_impact_index":10,"governance_compliance":"Partial"},{"timestamp":"2025-05-25T00:00:00.000","hourly_revenue":0.0,"operational_cost":275.15,"carbon_saved_today":0.0,"social_impact_index":10,"governance_compliance":"Compliant"},{"timestamp":"2025-05-25T01:00:00.000","hourly_revenue":0.0,"operational_cost":290.87,"carbon_saved_today":0.0,"social_impact_index":10,"governance_compliance":"Compliant"},{"timestamp":"2025-05-25T02:00:00.000","hourly_revenue":0.0,"operational_cost":250.5,"carbon_saved_today":0.0,"social_impact_index":10,"governance_compliance":"Compliant"},{"timestamp":"2025-05-25T03:00:00.000","hourly_revenue":0.0,"operational_cost":298.25,"carbon_saved_today":0.0,"social_impact_index":10,"governance_compliance":"Compliant"},{"timestamp":"2025-05-25T04:00:00.000","hourly_revenue":0.0,"operational_cost":259.45,"carbon_saved_today":0.0,"social_impact_index":10,"governance_compliance":"Compliant"},{"timestamp":"2025-05-25T05:00:00.000","hourly_revenue":0.0,"operational_cost":244.3,"carbon_saved_today":0.0,"social_impact_index":10,"governance_compliance":"Compliant"},{"timestamp":"2025-05-25T06:00:00.000","hourly_revenue":0.0,"operational_cost":312.93,"carbon_saved_today":0.0,"social_impact_index":10,"governance_compliance":"Compliant"},{"timestamp":"2025-05-25T07:00:00.000","hourly_revenue":500.5610455629,"operational_cost":310.64,"carbon_saved_today":67.08,"social_impact_index":10,"governance_compliance":"Compliant"},{"timestamp":"2025-05-25T08:00:00.000","hourly_revenue":794.3002148398,"operational_cost":339.14,"carbon_saved_today":106.44,"social_impact_index":10,"governance_compliance":"Compliant"},{"timestamp":"2025-05-25T09:00:00.000","hourly_revenue":1216.6563795527,"operational_cost":278.44,"carbon_saved_today":163.03,"social_impact_index":10,"governance_compliance":"Compliant"},{"timestamp":"2025-05-25T10:00:00.000","hourly_revenue":1817.1164075223,"operational_cost":320.4,"carbon_saved_today":243.49,"social_impact_index":10,"governance_compliance":"Compliant"},{"timestamp":"2025-05-25T11:00:00.000","hourly_revenue":2159.4847409255,"operational_cost":327.54,"carbon_saved_today":289.37,"social_impact_index":10,"governance_compliance":"Compliant"},{"timestamp":"2025-05-25T12:00:00.000","hourly_revenue":2498.3475113929,"operational_cost":322.24,"carbon_saved_today":334.78,"social_impact_index":10,"governance_compliance":"Compliant"},{"timestamp":"2025-05-25T13:00:00.000","hourly_revenue":2350.207005033,"operational_cost":258.72,"carbon_saved_today":314.93,"social_impact_index":10,"governance_compliance":"Compliant"},{"timestamp":"2025-05-25T14:00:00.000","hourly_revenue":1855.515892062,"operational_cost":307.47,"carbon_saved_today":248.64,"social_impact_index":10,"governance_compliance":"Compliant"},{"timestamp":"2025-05-25T15:00:00.000","hourly_revenue":1358.5275268257,"operational_cost":318.21,"carbon_saved_today":182.04,"social_impact_index":10,"governance_compliance":"Compliant"},{"timestamp":"2025-05-25T16:00:00.000","hourly_revenue":1068.0886823541,"operational_cost":300.36,"carbon_saved_today":143.12,"social_impact_index":10,"governance_compliance":"Compliant"},{"timestamp":"2025-05-25T17:00:00.000","hourly_revenue":591.5701692286,"operational_cost":195.68,"carbon_saved_today":79.27,"social_impact_index":10,"governance_compliance":"Compliant"},{"timestamp":"2025-05-25T18:00:00.000","hourly_revenue":0.0,"operational_cost":308.02,"carbon_saved_today":0.0,"social_impact_index":10,"governance_compliance":"Compliant"},{"timestamp":"2025-05-25T19:00:00.000","hourly_revenue":0.0,"operational_cost":410.63,"carbon_saved_today":0.0,"social_impact_index":10,"governance_compliance":"Compliant"},{"timestamp":"2025-05-25T20:00:00.000","hourly_revenue":0.0,"operational_cost":282.0,"carbon_saved_today":0.0,"social_impact_index":10,"governance_compliance":"Compliant"},{"timestamp":"2025-05-25T21:00:00.000","hourly_revenue":0.0,"operational_cost":263.6,"carbon_saved_today":0.0,"social_impact_index":10,"governance_compliance":"Compliant"},{"timestamp":"2025-05-25T22:00:00.000","hourly_revenue":0.0,"operational_cost":318.67,"carbon_saved_today":0.0,"social_impact_index":10,"governance_compliance":"Compliant"},{"timestamp":"2025-05-25T23:00:00.000","hourly_revenue":0.0,"operational_cost":315.62,"carbon_saved_today":0.0,"social_impact_index":10,"governance_compliance":"Compliant"},{"timestamp":"2025-05-26T00:00:00.000","hourly_revenue":0.0,"operational_cost":359.64,"carbon_saved_today":0.0,"social_impact_index":5,"governance_compliance":"Compliant"},{"timestamp":"2025-05-26T01:00:00.000","hourly_revenue":0.0,"operational_cost":237.11,"carbon_saved_today":0.0,"social_impact_index":5,"governance_compliance":"Compliant"},{"timestamp":"2025-05-26T02:00:00.000","hourly_revenue":0.0,"operational_cost":336.57,"carbon_saved_today":0.0,"social_impact_index":5,"governance_compliance":"Compliant"},{"timestamp":"2025-05-26T03:00:00.000","hourly_revenue":0.0,"operational_cost":329.52,"carbon_saved_today":0.0,"social_impact_index":5,"governance_compliance":"Compliant"},{"timestamp":"2025-05-26T04:00:00.000","hourly_revenue":0.0,"operational_cost":292.89,"carbon_saved_today":0.0,"social_impact_index":5,"governance_compliance":"Compliant"},{"timestamp":"2025-05-26T05:00:00.000","hourly_revenue":0.0,"operational_cost":316.93,"carbon_saved_today":0.0,"social_impact_index":5,"governance_compliance":"Compliant"},{"timestamp":"2025-05-26T06:00:00.000","hourly_revenue":0.0,"operational_cost":351.47,"carbon_saved_today":0.0,"social_impact_index":5,"governance_compliance":"Compliant"},{"timestamp":"2025-05-26T07:00:00.000","hourly_revenue":522.3172192196,"operational_cost":343.62,"carbon_saved_today":69.99,"social_impact_index":5,"governance_compliance":"Compliant"},{"timestamp":"2025-05-26T08:00:00.000","hourly_revenue":899.3627867944,"operational_cost":242.85,"carbon_saved_today":120.51,"social_impact_index":5,"governance_compliance":"Compliant"},{"timestamp":"2025-05-26T09:00:00.000","hourly_revenue":1725.8208449223,"operational_cost":341.01,"carbon_saved_today":231.26,"social_impact_index":5,"governance_compliance":"Compliant"},{"timestamp":"2025-05-26T10:00:00.000","hourly_revenue":1066.5169801814,"operational_cost":296.77,"carbon_saved_today":142.91,"social_impact_index":5,"governance_compliance":"Compliant"},{"timestamp":"2025-05-26T11:00:00.000","hourly_revenue":1304.7337459094,"operational_cost":303.64,"carbon_saved_today":174.83,"social_impact_index":5,"governance_compliance":"Compliant"},{"timestamp":"2025-05-26T12:00:00.000","hourly_revenue":1660.9111753392,"operational_cost":303.66,"carbon_saved_today":222.56,"social_impact_index":5,"governance_compliance":"Compliant"},{"timestamp":"2025-05-26T13:00:00.000","hourly_revenue":1583.4938809322,"operational_cost":292.49,"carbon_saved_today":212.19,"social_impact_index":5,"governance_compliance":"Compliant"},{"timestamp":"2025-05-26T14:00:00.000","hourly_revenue":1022.1446628483,"operational_cost":359.59,"carbon_saved_today":136.97,"social_impact_index":5,"governance_compliance":"Compliant"},{"timestamp":"2025-05-26T15:00:00.000","hourly_revenue":1139.7502893073,"operational_cost":295.81,"carbon_saved_today":152.73,"social_impact_index":5,"governance_compliance":"Compliant"},{"timestamp":"2025-05-26T16:00:00.000","hourly_revenue":979.0934433689,"operational_cost":244.02,"carbon_saved_today":131.2,"social_impact_index":5,"governance_compliance":"Compliant"},{"timestamp":"2025-05-26T17:00:00.000","hourly_revenue":513.2301099412,"operational_cost":280.32,"carbon_saved_today":68.77,"social_impact_index":5,"governance_compliance":"Compliant"},{"timestamp":"2025-05-26T18:00:00.000","hourly_revenue":0.0,"operational_cost":308.93,"carbon_saved_today":0.0,"social_impact_index":5,"governance_compliance":"Compliant"},{"timestamp":"2025-05-26T19:00:00.000","hourly_revenue":0.0,"operational_cost":361.46,"carbon_saved_today":0.0,"social_impact_index":5,"governance_compliance":"Compliant"},{"timestamp":"2025-05-26T20:00:00.000","hourly_revenue":0.0,"operational_cost":330.15,"carbon_saved_today":0.0,"social_impact_index":5,"governance_compliance":"Compliant"},{"timestamp":"2025-05-26T21:00:00.000","hourly_revenue":0.0,"operational_cost":257.47,"carbon_saved_today":0.0,"social_impact_index":5,"governance_compliance":"Compliant"},{"timestamp":"2025-05-26T22:00:00.000","hourly_revenue":0.0,"operational_cost":424.26,"carbon_saved_today":0.0,"social_impact_index":5,"governance_compliance":"Compliant"},{"timestamp":"2025-05-26T23:00:00.000","hourly_revenue":0.0,"operational_cost":313.24,"carbon_saved_today":0.0,"social_impact_index":5,"governance_compliance":"Compliant"},{"timestamp":"2025-05-27T00:00:00.000","hourly_revenue":0.0,"operational_cost":363.77,"carbon_saved_today":0.0,"social_impact_index":8,"governance_compliance":"Compliant"},{"timestamp":"2025-05-27T01:00:00.000","hourly_revenue":0.0,"operational_cost":292.41,"carbon_saved_today":0.0,"social_impact_index":8,"governance_compliance":"Compliant"},{"timestamp":"2025-05-27T02:00:00.000","hourly_revenue":0.0,"operational_cost":326.67,"carbon_saved_today":0.0,"social_impact_index":8,"governance_compliance":"Compliant"},{"timestamp":"2025-05-27T03:00:00.000","hourly_revenue":0.0,"operational_cost":341.97,"carbon_saved_today":0.0,"social_impact_index":8,"governance_compliance":"Compliant"},{"timestamp":"2025-05-27T04:00:00.000","hourly_revenue":0.0,"operational_cost":360.91,"carbon_saved_today":0.0,"social_impact_index":8,"governance_compliance":"Compliant"},{"timestamp":"2025-05-27T05:00:00.000","hourly_revenue":0.0,"operational_cost":352.87,"carbon_saved_today":0.0,"social_impact_index":8,"governance_compliance":"Compliant"},{"timestamp":"2025-05-27T06:00:00.000","hourly_revenue":0.0,"operational_cost":343.61,"carbon_saved_today":0.0,"social_impact_index":8,"governance_compliance":"Compliant"},{"timestamp":"2025-05-27T07:00:00.000","hourly_revenue":406.0762155993,"operational_cost":284.25,"carbon_saved_today":54.41,"social_impact_index":8,"governance_compliance":"Compliant"},{"timestamp":"2025-05-27T08:00:00.000","hourly_revenue":778.5273605756,"operational_cost":271.41,"carbon_saved_today":104.32,"social_impact_index":8,"governance_compliance":"Compliant"},{"timestamp":"2025-05-27T09:00:00.000","hourly_revenue":1260.1965658586,"operational_cost":316.63,"carbon_saved_today":168.87,"social_impact_index":8,"governance_compliance":"Compliant"},{"timestamp":"2025-05-27T10:00:00.000","hourly_revenue":1525.6818761067,"operational_cost":346.66,"carbon_saved_today":204.44,"social_impact_index":8,"governance_compliance":"Compliant"},{"timestamp":"2025-05-27T11:00:00.000","hourly_revenue":1687.4519400031,"operational_cost":288.86,"carbon_saved_today":226.12,"social_impact_index":8,"governance_compliance":"Compliant"},{"timestamp":"2025-05-27T12:00:00.000","hourly_revenue":2406.254580521,"operational_cost":353.26,"carbon_saved_today":322.44,"social_impact_index":8,"governance_compliance":"Compliant"},{"timestamp":"2025-05-27T13:00:00.000","hourly_revenue":1689.9318587205,"operational_cost":372.63,"carbon_saved_today":226.45,"social_impact_index":8,"governance_compliance":"Compliant"},{"timestamp":"2025-05-27T14:00:00.000","hourly_revenue":1534.5534770563,"operational_cost":254.18,"carbon_saved_today":205.63,"social_impact_index":8,"governance_compliance":"Compliant"},{"timestamp":"2025-05-27T15:00:00.000","hourly_revenue":1597.6358327568,"operational_cost":258.15,"carbon_saved_today":214.08,"social_impact_index":8,"governance_compliance":"Compliant"},{"timestamp":"2025-05-27T16:00:00.000","hourly_revenue":974.8699212253,"operational_cost":292.98,"carbon_saved_today":130.63,"social_impact_index":8,"governance_compliance":"Compliant"},{"timestamp":"2025-05-27T17:00:00.000","hourly_revenue":589.256052326,"operational_cost":315.38,"carbon_saved_today":78.96,"social_impact_index":8,"governance_compliance":"Compliant"},{"timestamp":"2025-05-27T18:00:00.000","hourly_revenue":0.0,"operational_cost":273.77,"carbon_saved_today":0.0,"social_impact_index":8,"governance_compliance":"Compliant"},{"timestamp":"2025-05-27T19:00:00.000","hourly_revenue":0.0,"operational_cost":367.61,"carbon_saved_today":0.0,"social_impact_index":8,"governance_compliance":"Compliant"},{"timestamp":"2025-05-27T20:00:00.000","hourly_revenue":0.0,"operational_cost":321.2,"carbon_saved_today":0.0,"social_impact_index":8,"governance_compliance":"Compliant"},{"timestamp":"2025-05-27T21:00:00.000","hourly_revenue":0.0,"operational_cost":301.97,"carbon_saved_today":0.0,"social_impact_index":8,"governance_compliance":"Compliant"},{"timestamp":"2025-05-27T22:00:00.000","hourly_revenue":0.0,"operational_cost":228.2,"carbon_saved_today":0.0,"social_impact_index":8,"governance_compliance":"Compliant"},{"timestamp":"2025-05-27T23:00:00.000","hourly_revenue":0.0,"operational_cost":234.21,"carbon_saved_today":0.0,"social_impact_index":8,"governance_compliance":"Compliant"},{"timestamp":"2025-05-28T00:00:00.000","hourly_revenue":0.0,"operational_cost":314.05,"carbon_saved_today":0.0,"social_impact_index":8,"governance_compliance":"Compliant"},{"timestamp":"2025-05-28T01:00:00.000","hourly_revenue":0.0,"operational_cost":193.37,"carbon_saved_today":0.0,"social_impact_index":8,"governance_compliance":"Compliant"},{"timestamp":"2025-05-28T02:00:00.000","hourly_revenue":0.0,"operational_cost":350.63,"carbon_saved_today":0.0,"social_impact_index":8,"governance_compliance":"Compliant"},{"timestamp":"2025-05-28T03:00:00.000","hourly_revenue":0.0,"operational_cost":292.09,"carbon_saved_today":0.0,"social_impact_index":8,"governance_compliance":"Compliant"},{"timestamp":"2025-05-28T04:00:00.000","hourly_revenue":0.0,"operational_cost":462.15,"carbon_saved_today":0.0,"social_impact_index":8,"governance_compliance":"Compliant"},{"timestamp":"2025-05-28T05:00:00.000","hourly_revenue":0.0,"operational_cost":415.4,"carbon_saved_today":0.0,"social_impact_index":8,"governance_compliance":"Compliant"},{"timestamp":"2025-05-28T06:00:00.000","hourly_revenue":0.0,"operational_cost":290.93,"carbon_saved_today":0.0,"social_impact_index":8,"governance_compliance":"Compliant"},{"timestamp":"2025-05-28T07:00:00.000","hourly_revenue":533.2107619942,"operational_cost":294.68,"carbon_saved_today":71.45,"social_impact_index":8,"governance_compliance":"Compliant"},{"timestamp":"2025-05-28T08:00:00.000","hourly_revenue":1218.4112310165,"operational_cost":349.78,"carbon_saved_today":163.27,"social_impact_index":8,"governance_compliance":"Compliant"},{"timestamp":"2025-05-28T09:00:00.000","hourly_revenue":1097.6120725934,"operational_cost":385.16,"carbon_saved_today":147.08,"social_impact_index":8,"governance_compliance":"Compliant"},{"timestamp":"2025-05-28T10:00:00.000","hourly_revenue":1661.7237589301,"operational_cost":218.1,"carbon_saved_today":222.67,"social_impact_index":8,"governance_compliance":"Compliant"},{"timestamp":"2025-05-28T11:00:00.000","hourly_revenue":1700.1818686342,"operational_cost":210.68,"carbon_saved_today":227.82,"social_impact_index":8,"governance_compliance":"Compliant"},{"timestamp":"2025-05-28T12:00:00.000","hourly_revenue":2230.8209649807,"operational_cost":268.9,"carbon_saved_today":298.93,"social_impact_index":8,"governance_compliance":"Compliant"},{"timestamp":"2025-05-28T13:00:00.000","hourly_revenue":2396.7489424072,"operational_cost":329.14,"carbon_saved_today":321.16,"social_impact_index":8,"governance_compliance":"Compliant"},{"timestamp":"2025-05-28T14:00:00.000","hourly_revenue":1521.1996565878,"operational_cost":324.84,"carbon_saved_today":203.84,"social_impact_index":8,"governance_compliance":"Compliant"},{"timestamp":"2025-05-28T15:00:00.000","hourly_revenue":1523.2314685621,"operational_cost":353.49,"carbon_saved_today":204.11,"social_impact_index":8,"governance_compliance":"Compliant"},{"timestamp":"2025-05-28T16:00:00.000","hourly_revenue":849.0488163799,"operational_cost":240.02,"carbon_saved_today":113.77,"social_impact_index":8,"governance_compliance":"Compliant"},{"timestamp":"2025-05-28T17:00:00.000","hourly_revenue":534.5468043096,"operational_cost":184.19,"carbon_saved_today":71.63,"social_impact_index":8,"governance_compliance":"Compliant"},{"timestamp":"2025-05-28T18:00:00.000","hourly_revenue":0.0,"operational_cost":342.9,"carbon_saved_today":0.0,"social_impact_index":8,"governance_compliance":"Compliant"},{"timestamp":"2025-05-28T19:00:00.000","hourly_revenue":0.0,"operational_cost":258.59,"carbon_saved_today":0.0,"social_impact_index":8,"governance_compliance":"Compliant"},{"timestamp":"2025-05-28T20:00:00.000","hourly_revenue":0.0,"operational_cost":199.08,"carbon_saved_today":0.0,"social_impact_index":8,"governance_compliance":"Compliant"},{"timestamp":"2025-05-28T21:00:00.000","hourly_revenue":0.0,"operational_cost":307.25,"carbon_saved_today":0.0,"social_impact_index":8,"governance_compliance":"Compliant"},{"timestamp":"2025-05-28T22:00:00.000","hourly_revenue":0.0,"operational_cost":339.66,"carbon_saved_today":0.0,"social_impact_index":8,"governance_compliance":"Compliant"},{"timestamp":"2025-05-28T23:00:00.000","hourly_revenue":0.0,"operational_cost":293.9,"carbon_saved_today":0.0,"social_impact_index":8,"governance_compliance":"Compliant"},{"timestamp":"2025-05-29T00:00:00.000","hourly_revenue":0.0,"operational_cost":277.11,"carbon_saved_today":0.0,"social_impact_index":8,"governance_compliance":"Non-Compliant"},{"timestamp":"2025-05-29T01:00:00.000","hourly_revenue":0.0,"operational_cost":292.03,"carbon_saved_today":0.0,"social_impact_index":8,"governance_compliance":"Compliant"},{"timestamp":"2025-05-29T02:00:00.000","hourly_revenue":0.0,"operational_cost":281.47,"carbon_saved_today":0.0,"social_impact_index":8,"governance_compliance":"Compliant"},{"timestamp":"2025-05-29T03:00:00.000","hourly_revenue":0.0,"operational_cost":232.6,"carbon_saved_today":0.0,"social_impact_index":8,"governance_compliance":"Compliant"},{"timestamp":"2025-05-29T04:00:00.000","hourly_revenue":0.0,"operational_cost":264.27,"carbon_saved_today":0.0,"social_impact_index":8,"governance_compliance":"Compliant"},{"timestamp":"2025-05-29T05:00:00.000","hourly_revenue":0.0,"operational_cost":326.06,"carbon_saved_today":0.0,"social_impact_index":8,"governance_compliance":"Compliant"},{"timestamp":"2025-05-29T06:00:00.000","hourly_revenue":0.0,"operational_cost":316.08,"carbon_saved_today":0.0,"social_impact_index":8,"governance_compliance":"Compliant"},{"timestamp":"2025-05-29T07:00:00.000","hourly_revenue":575.3066753966,"operational_cost":308.4,"carbon_saved_today":77.09,"social_impact_index":8,"governance_compliance":"Compliant"},{"timestamp":"2025-05-29T08:00:00.000","hourly_revenue":783.83418095,"operational_cost":250.24,"carbon_saved_today":105.03,"social_impact_index":8,"governance_compliance":"Compliant"},{"timestamp":"2025-05-29T09:00:00.000","hourly_revenue":1561.1751689928,"operational_cost":290.92,"carbon_saved_today":209.2,"social_impact_index":8,"governance_compliance":"Compliant"},{"timestamp":"2025-05-29T10:00:00.000","hourly_revenue":1769.7560098231,"operational_cost":191.15,"carbon_saved_today":237.15,"social_impact_index":8,"governance_compliance":"Compliant"},{"timestamp":"2025-05-29T11:00:00.000","hourly_revenue":1527.8293615528,"operational_cost":308.92,"carbon_saved_today":204.73,"social_impact_index":8,"governance_compliance":"Compliant"},{"timestamp":"2025-05-29T12:00:00.000","hourly_revenue":1958.3006415287,"operational_cost":371.44,"carbon_saved_today":262.41,"social_impact_index":8,"governance_compliance":"Compliant"},{"timestamp":"2025-05-29T13:00:00.000","hourly_revenue":1917.0694010789,"operational_cost":226.29,"carbon_saved_today":256.89,"social_impact_index":8,"governance_compliance":"Compliant"},{"timestamp":"2025-05-29T14:00:00.000","hourly_revenue":1442.6030687587,"operational_cost":270.7,"carbon_saved_today":193.31,"social_impact_index":8,"governance_compliance":"Compliant"},{"timestamp":"2025-05-29T15:00:00.000","hourly_revenue":1729.3697444793,"operational_cost":316.46,"carbon_saved_today":231.74,"social_impact_index":8,"governance_compliance":"Compliant"},{"timestamp":"2025-05-29T16:00:00.000","hourly_revenue":1174.9876857403,"operational_cost":362.64,"carbon_saved_today":157.45,"social_impact_index":8,"governance_compliance":"Compliant"},{"timestamp":"2025-05-29T17:00:00.000","hourly_revenue":561.3842901536,"operational_cost":277.59,"carbon_saved_today":75.23,"social_impact_index":8,"governance_compliance":"Non-Compliant"},{"timestamp":"2025-05-29T18:00:00.000","hourly_revenue":0.0,"operational_cost":265.39,"carbon_saved_today":0.0,"social_impact_index":8,"governance_compliance":"Compliant"},{"timestamp":"2025-05-29T19:00:00.000","hourly_revenue":0.0,"operational_cost":201.55,"carbon_saved_today":0.0,"social_impact_index":8,"governance_compliance":"Compliant"},{"timestamp":"2025-05-29T20:00:00.000","hourly_revenue":0.0,"operational_cost":305.17,"carbon_saved_today":0.0,"social_impact_index":8,"governance_compliance":"Non-Compliant"},{"timestamp":"2025-05-29T21:00:00.000","hourly_revenue":0.0,"operational_cost":402.1,"carbon_saved_today":0.0,"social_impact_index":8,"governance_compliance":"Compliant"},{"timestamp":"2025-05-29T22:00:00.000","hourly_revenue":0.0,"operational_cost":313.87,"carbon_saved_today":0.0,"social_impact_index":8,"governance_compliance":"Compliant"},{"timestamp":"2025-05-29T23:00:00.000","hourly_revenue":0.0,"operational_cost":298.89,"carbon_saved_today":0.0,"social_impact_index":8,"governance_compliance":"Compliant"}]